=LDR  00435nam  22001575a 4500
=001  003745860
=003  NNU
=005  20130502103944.0
=008  130502s2006\\\\ua\\\\\\\\\\\\000\0\ara\d
=040  \\$aNNU$beng$cNNU
=100  1\$aMahmud, `Abd al-Halim.
=245  13$aal-`Arif bi-Allah Abu al-Anwar Shams al-Din al-Hanafi.
=260  \\$aCairo :$bMaktabat al-Iman,$c2006.
=300  \\$a150 p. ;$c24 cm.
=852  0\$aNNU$bBOBST$cMAIN$p31142055319332

