=LDR  00471nam  22001575a 4500
=001  003798172
=003  NNU
=005  20130901014613.0
=008  130818s\\\\\\\\jo\\\\\\\b\\\\000\0\eng\d
=020  \\$a9789948166283
=245  10$aUAE Penal Code /$bFederal Law No. 3 of the year 1987$cPrepared by Abdel Latif Subhi Juma
=260  \\$aAmman, Jordan$bAbdulkarim Ismail Press$c2013
=500  \\$a1st edition
=500  \\$aEnglish and Arabic
=852  0\$aNNU$bNABUD$cMAIN$p31122050500714

