=LDR  00433nam  22001455a 4500
=001  003837115
=003  NNU
=005  20130926074514.0
=008  130926s\\\\\\\\ts\\\\\\\b\\\\000\0\eng\d
=020  \\$a9789948165019
=245  10$aMinD :$bDubai Contemporary$cDubai Community Theatre and Arts Centre
=260  \\$aDubai$bDubai Community Theatre and Arts Centre$c[2012]
=500  \\$aEnglish and Arabic.
=852  0\$aNNU$bNABUD$cMAIN$p31122050502108

