=LDR  01051nam  22002535a 4500
=001  003862740
=003  NNU
=005  20150729161446.0
=008  130730s2012\\\\iq\\\\\\\b\\\\000\0\ara\\
=035  \\$a(EGCaLB)57525
=035  7\$aleil57525
=040  \\$aEG-CaLB$cEG-CaLB$dNNU
=066  \\$c(3
=100  1\$6880-01$aḤusayn, Muḥsin Muḥammad.
=245  10$6880-02$aQalāʼid al-Jumān maṣdaran li-dirāsat jawānib min tārīkh Irbīl wa-al-Kurd /$cMuḥsin Muḥammad Ḥusayn.
=260  \\$6880-03$aIrbīl :$bal-Akādīmīyah al-Kūrdīyah,$c2012.
=300  \\$a91 p. ;$c21 cm.
=504  \\$aIncludes bibliographical references.
=520  \\$aIrbl̄ (Iraq); Kurd (Iraq); history.
=880  1\$6100-01/$aحسين، محسن محمد.
=880  10$6245-02/$aقلائد الجمان مصدرا لدراسة جوانب من تاريخ اربيل والكرد /$cدراسة وإعداد محسن محمد حسين.
=880  \\$6260-03/$aاربيل :$bالأكاديمية الكوردية،$c2012.
=852  0\$aNNU$bBOBST$cMAIN$p31142055596640

