=LDR  01349nam  2200301 i 4500
=001  004037256
=003  NNU
=005  20140924121208.0
=008  131002s2006\\\\su\\\\\\\\\\\\000\0\ara\\
=010  \\$a  2013328466
=020  \\$a996052843X
=020  \\$a9789960528434
=035  \\$a(OCoLC)890798200
=040  \\$aDLC$beng$erda$cDLC
=042  \\$alcode$apcc
=100  1\$6880-01$aRajab, Muḥammad Ḥammud.
=245  10$6880-02$aRūwād al-mūnūlūj fī al-Mamlakah al-ʻArabīyah al-Saʻūdīyah wa-Miṣr al-ʻArabīyah /$ciʻdād Muḥammad Ḥammūd Rajab.
=264  \1$6880-03$a[Jiddah] :$bal-Jamʻīyah al-ʻArabīyah al-Saʻūdīyah lil-Thaqāfah wa-al-Funūn,$c1427 [2006 or 2007]
=300  \\$a121 pages ;$c24 cm
=336  \\$atext$2rdacontent
=337  \\$aunmediated$2rdamedia
=338  \\$avolume$2rdacarrier
=520  \\$aPopular music; songs, Arabic; monologue; monologists; Saudi Arabia; Egtpt; biography.
=880  1\$6100-01/$aرجب، محمد حمد.
=880  10$6245-02/$aرواد المونولوج في المملكة العربية السعودية ومصر العربية /$cإعداد محمد حمود رجب.
=880  \1$6264-03/$a[جدة] :$bالجمعية العربية السعودية للثقافة والفنون،$c1427 [2006 or 2007]
=852  0\$aNNU$bBOBST$cMAIN$p31142057525613

