=LDR  00321nam  22001335a 4500
=001  004064567
=003  NNU
=005  20141105044615.0
=008  141105s2014\\\\ts\\\\\\\b\\\\000\0\eng\d
=020  \\$a9789948207993
=245  10$aArt Dubai 2014
=260  \\$aDubai$bArt Dubai Fair LLC$c2014
=852  0\$aNNU$bNABUD$cMAIN$p31122058554564

