=LDR  01185nam  22002775a 4500
=001  004097493
=003  NNU
=005  20160223141700.0
=008  140621s2010\\\\iq\ah\\\\\\\\\000\0\ara\d
=035  \\$a(IQBaML)1402176
=035  7\$amuth000000019
=040  \\$aIQ-BaML$beng$erda$cIQ-BaML
=066  \\$c(3$c(4
=245  00$6880-01$aṢaḥāfat al-Ḥizb al-Dīmuqrāṭī al-Kurdistānī (khārij al-waṭan) fī al-ashhur al-akhīrah min thawrat Aylūl /$cNawzād ʻAlī Aḥmad.
=260  \\$6880-02$aal-Sulaymānīyah :$bBinkey Jîn,$c2010.
=300  \\$a206, [2] pages :$bchiefly facsimiles ;$c29 cm
=336  \\$atext$btxt$2rdacontent
=337  \\$aunmediated$bn$2rdamedia
=338  \\$avolume$bnc$2rdacarrier
=700  1\$6880-03$aAḥmad, Nawzād ʻAlī.
=752  \\$aIraq$dSulaymānīyah.
=880  10$6245-01/$aصحافة الحزب الديمقراطي الكردستاني (خارج الوطن) في الأشهر الأخيرة من ثورة أيلول /$cنوزاد علي أحمد.
=880  \\$6260-02/$aالسليمانية :$bبنكص+٠٦ل٥ى ژين،$c2010.
=880  1\$6700-03/$aأحمد، نوزاد علي.
=852  0\$aNNU$bBOBST$cMAIN$p31142056343448

