=LDR  00867nam  2200229 u 4500
=001  004124698
=003  NNU
=005  20160217100514.0
=008  151130s2012\\\\le\\\\\\o\\\\\000\0\eng\d
=040  \\$aZYU$cZYU
=100  1\$6880-01$aYaḥyāwī, ʻAyyāsh.
=245  10$6880-02$aal-ʻĀdāt al-Qawlīyah fī al-Shiʻr al-Nabaṭī bil-Imārāt :$cʻAyyāsh Yaḥyāwī.
=250  \\$6880-03$aal-Ṭabʻah al-Ūlá.
=260  \\$6880-04$aĀbū Ẓabī :$c2012.
=300  \\$a207 pages.
=880  1\$6100-01/$aيحياوي، عياش.
=880  10$6245-02/$aالعادات القولية في الشعر النبطي بالإمارات :$cعياش يحياوي.
=880  \\$6250-03/$aالطبعة الأولى.
=880  \\$6260-04/$aآبو ظبي :$c2012.
=852  0\$aNNU$bBOBST$cMAIN$p31142052974808
=852  0\$aNNU$bNABUD$cMAIN$p31122058562260

