=LDR  00635cam  2200217Ma 4500
=001  004126790
=003  NNU
=005  20160217112238.0
=008  150407s2014\\\\xx\\\\\\\b\\\\000\0\ara\d
=020  \\$a9789948228349
=020  \\$a9948228340
=035  \\$a(OCoLC)907221532
=040  \\$aN15$beng$cN15$dOCLCQ
=100  1\$6880-01$aYaḥyāwī, ʻAyyāsh,$eauthor.
=245  10$aAl-Naqah fi Shi'r Nabati bil Imarat.
=260  \\$aAbu Dhabi :$bNabati Publishing,$c2014.
=336  \\$atext$btxt$2rdacontent
=337  \\$aunmediated$bn$2rdamedia
=880  1\$6100-01/$aيحياوي، عياش.
=852  0\$aNNU$bNABUD$cMAIN$p31122058562336

