=LDR  00659cam  2200217Ma 4500
=001  004126791
=003  NNU
=005  20160217122300.0
=008  150407s2014\\\\xx\\\\\\\b\\\\000\0\ara\d
=020  \\$a9789948228738
=020  \\$a9948228731
=035  \\$a(OCoLC)907221533
=040  \\$aN15$beng$cN15$dOCLCQ
=100  1\$6880-01$aNūr al-Dīn, Muḥammad ʻAbd Allāh,$eauthor.
=245  10$aDurus fi Awzan al-Shi'r al-Sha'bi.
=260  \\$bNabati Publishing,$c[2014]
=336  \\$atext$btxt$2rdacontent
=337  \\$aunmediated$bn$2rdamedia
=880  1\$6100-01/$aنور الدين، محمد عبد الله،.
=852  0\$aNNU$bNABUD$cMAIN$p31122058562344

