=LDR  00563nam  2200169 a 4500
=001  004126794
=003  NNU
=005  20151130123141.0
=008  150407s2014\\\\xx\\\\\\\b\\\\000\0\ara\d
=035  \\$a(OCoLC)907221605
=040  \\$aN15$beng$cN15
=100  1\$6880-01$aQubaysī, Sālem Ābū Jumhūr.
=245  10$6880-02$aʻAlá al-Sakil$cSālem Ābū Jumhūr Qubaysī.
=880  1\$6100-01/$aقبيسي، سالم آبو جمهور.
=880  10$6245-02/$aعلى السكل$cسالم آبو جمهور قبيسي.
=852  0\$aNNU$bNABUD$cMAIN$p31122058562252

