=LDR  01053nam  2200265 a 4500
=001  004128217
=003  NNU
=005  20151202102005.0
=008  150413s2009\\\\xx\\\\\\\b\\\\000\0\ara\d
=020  \\$a9789948150336
=020  \\$a9948150333
=035  \\$a(OCoLC)907630926
=040  \\$aN15$beng$cN15
=100  1\$6880-01$aNūr al-Dīn, Muḥammad ʻAbd Allāh.
=245  10$6880-02$aDurūs fī Awzān al-Shiʻr al-Shaʻbī :$cMuḥammad ʻAbd Allāh Nūr al-Dīn.
=250  \\$6880-03$aal-Ṭabʻah al-Ūlá
=260  \\$6880-04$aDubaī :$bDār al-Ghuraīr lil-Ṭibaʻah wa al-Nashr$c2009.
=300  \\$a219 pages.
=880  1\$6100-01/$aنور الدين، محمد عبد الله.
=880  10$6245-02/$aدروس في أوزان الشعر الشعبي :$cمحمد عبد الله نور الدين
=880  \\$6250-03/$aالطبعة الأولى
=880  \\$6260-04/$aدبي :$bدار الغرير للطبعة و النشر$c2009.
=852  0\$aNNU$bBOBST$cMAIN$p31142052974816
=852  0\$aNNU$bNABUD$cMAIN$p31122058562476

