=LDR  00558cam  2200205Ma 4500
=001  004128421
=003  NNU
=005  20160217142600.0
=008  150413s2014\\\\xx\\\\\\\b\\\\000\0\ara\d
=020  \\$a9789948200918
=020  \\$a9948200918
=035  \\$a(OCoLC)907630928
=040  \\$aN15$beng$cN15$dOCLCQ
=100  1\$aNurudeen, Muhammad Abdullah.
=245  10$aAbu Dhabi :$bFi Nasf Al-Thani min Al-Tasinat.
=260  \\$aAbu Dhabi,$c2014.
=336  \\$atext$btxt$2rdacontent
=337  \\$aunmediated$bn$2rdamedia
=852  0\$aNNU$bNABUD$cMAIN$p31122058562518

