=LDR  00550cam  2200181Ma 4500
=001  004128949
=003  NNU
=005  20160217113735.0
=008  150415s2013\\\\ua\\\\\\\b\\\\000\0\ara\d
=035  \\$a(OCoLC)907630908
=040  \\$aN15$beng$cN15$dOCLCQ
=100  1\$aʻUmrān, Muḥammad.
=245  10$aAwraq Thaniya fi Al-Thiqafah Al-Sha'biyah.
=260  \\$aal-Qāhirah :$bal-Markaz al-Miṣrī lil-Thaqāfah wa-al-Funūn,$c2013.
=336  \\$atext$btxt$2rdacontent
=337  \\$aunmediated$bn$2rdamedia
=852  0\$aNNU$bNABUD$cMAIN$p31122058562583

