=LDR  00505cam  2200181Ma 4500
=001  004129904
=003  NNU
=005  20160217110823.0
=008  150419s2013\\\\xx\\\\\\\b\\\\000\0\ara\d
=020  \\$z9789774363652
=035  \\$a(OCoLC)907630921
=040  \\$aN15$beng$cN15$dOCLCQ
=245  00$aKhalij Al-Arabi fi Alim Mutaghayar /$cKhalid bin Muhammad Mubarak Al-Qasimi.
=260  \\$c2013.
=336  \\$atext$btxt$2rdacontent
=337  \\$aunmediated$bn$2rdamedia
=852  0\$aNNU$bNABUD$cMAIN$p31122058562666

