=LDR  00581cam  2200205Ma 4500
=001  004130784
=003  NNU
=005  20160217114454.0
=008  150421s2014\\\\xx\\\\\\\b\\\\000\0\ara\d
=020  \\$a9789948205128
=020  \\$a994820512X
=035  \\$a(OCoLC)908342365
=040  \\$aN15$beng$cN15$dOCLCQ
=245  00$aQisah Al-Naqati Abu Dhabi /$cHamdan Rashid Ali Al-Dar'i.
=260  \\$bKuttab Publishing,$c2014.
=336  \\$atext$btxt$2rdacontent
=337  \\$aunmediated$bn$2rdamedia
=852  0\$aNNU$bBOBST$cMAIN$p31142054450872
=852  0\$aNNU$bNABUD$cMAIN$p31122058562740

