=LDR  00478cam  2200181Ma 4500
=001  004130787
=003  NNU
=005  20160217111851.0
=008  150421s2012\\\\xx\\\\\\\b\\\\000\0\ara\d
=020  \\$z9789773542918
=035  \\$a(OCoLC)908342366
=040  \\$aN15$beng$cN15$dOCLCQ
=245  00$aQaba'il ghayart majra al-tarikh.
=260  \\$bMarkaz Al-Raya,$c2012.
=336  \\$atext$btxt$2rdacontent
=337  \\$aunmediated$bn$2rdamedia
=852  0\$aNNU$bNABUD$cMAIN$p31122058562799

