=LDR  00626nam  2200181 u 4500
=001  004130789
=003  NNU
=005  20160217120826.0
=008  151202s1999\\\\is\a\\\j\b\\\\000\0\arard
=040  \\$aZYU$cZYU
=100  1\$6880-01$aMusallaṭ, Ṣāleḥ Hawāsh.
=245  10$6880-02$aĀḍwaʼ ʻAlá Ḥayāt al-Bādiyyah :$cṢāleḥ Hawāsh Musallaṭ.
=250  \\$6880-03$aal-Ṭabʻah al-Ūlá.
=260  \\$6880-04$bDār al-Maktabī lil-Ṭibāʻah wa al-Nashr wa al-Tawzīʻ :$c2014.
=300  \\$a222 pages.
=880  1\$6100-01/$aمسلط، صالح هواش.
=852  0\$aNNU$bNABUD$cMAIN$p31122058562807

