=LDR  01315nam  22002775a 4500
=001  004133297
=003  NNU
=005  20150430154910.0
=008  150131s2012\\\\ye\a\\\\\b\\\\001\0\ara\\
=035  \\$a(EGCaLB)68749
=035  7\$aleil68749
=040  \\$aEG-CaLB$cEG-CaLB$dNNU
=066  \\$c(3
=100  1\$6880-01$aĀl Zuḥayfah, ʻAlī ibn Saʻd.
=245  10$6880-02$aḤukm wa-ḥaḍārat al-malikayn Shahrān Ibn Nahfān wa-Shahrān Ibn Baynūn :$bdirāsah fī al-tārīkh al-Yamanī al-qadīm /$ctaʼlīf ʻAlī ibn Saʻd Āl Zuḥayfah al-Shahrānī.
=250  \\$6880-03$aal-Ṭabʻah 1.
=260  \\$6880-04$aMakkah al-Mukarramah :$bSaʻd Āl Zuḥayfah al-Shahrānī,$c2012.
=300  \\$a337 p. :$bill., col. ;$c24 cm.
=504  \\$aIncludes bibliographical references (p. 331-334) and indexes.
=520  \\$aYemen; history.
=880  1\$6100-01/$aآل زحيفة، علي بن سعد.
=880  10$6245-02/$aحكم وحضارة الملكين شهران بن نهان وشهران بن بينون :$bدراسة في التاريخ اليمني /$cتأليف علي بن سعد آل زحيفة الشهراني.
=880  \\$6250-03/$aالطبعة ١.
=880  \\$6260-04/$aمكة المكرمة :$bسعد آل زحيفة الشهراني،$c2012.
=852  0\$aNNU$bBOBST$cMAIN$p31142058154991

