=LDR  01672nam  22003375a 4500
=001  004136424
=003  NNU
=005  20140517214129.0
=008  140517s2013\\\\iq\\\\\\\\\\\\000\0\ara\d
=035  \\$a(IQBaML)1402105
=035  7\$amuth000000009
=040  \\$aIQ-BaML$beng$erda$cIQ-BaML
=066  \\$c(3
=100  1\$6880-01$aḤamadī, Ṣabrī Fāliḥ.
=245  10$6880-02$aḤarakāt al-taḥarrur al-waṭanī fī al-Maghrib al-ʻArabī fī munāqashāt Majlis al-Nūwāb al-ʻIrāqī, 1950-1958 :$bdirāsah tārīkhīyah /$cal-Ustādh al-Duktūr Ṣabrī Fāliḥ al-Ḥamdī.
=250  \\$6880-03$aal-Ṭabʻah al-ūlá.
=264  \\$6880-04$aBaghdād :$bBayt al-Ḥikmah,$c2012, that is, 2013.
=300  \\$a320 pages ;$c23 cm
=336  \\$atext$btxt$2rdacontent
=337  \\$aunmediated$bn$2rdamedia
=338  \\$avolume$bnc$2rdacarrier
=490  0\$6880-05$Silsilat kutub thaqāfīyah shahrīyah yuṣdiruhā Bayt al-Ḥikmah al-ʻIrāqī ;$v39
=504  \\$aIncludes bibliographical references (p. 312-317).
=752  \\$aIraq$dBaghdād.
=880  1\$6100-01/$aحمدي، صبري فالح.
=880  10$6245-02/$aحركات التحرر الوطني في المغرب العربي في مناقشات مجلس النواب العراقي، 1950-1958 :$bدراسة تاريخية /$cالاستاذ الدكتور صبري فالح الحمدي.
=880  \\$6250-03/$aالطبعة الأولى.
=880  \\$6264-04/$aبغداد :$bبيت الحكمة،$c2012, that is, 2013.
=880  0\$6490-05/$aسلسلة كتب ثقافية شهرية يصدرها بيت الحكمة العراقي ؛$v39
=852  0\$aNNU$bBOBST$cMAIN$p31142058156129

