=LDR  01689nam  22003135a 4500
=001  004136433
=003  NNU
=005  20140608124042.0
=008  140608s2013\\\\iq\ac\\\\\\\\\000\0\ara\d
=035  \\$a(IQBaML)1402224
=035  7\$amuth000000018
=040  \\$aIQ-BaML$beng$erda$cIQ-BaML
=066  \\$c(3
=100  1\$6880-01$aNuʻmān, Hindirīn Ashraf ʻIzzat.
=245  13$6880-02$aal-Qānūn al-dawlī al-insānī wa-al-talawwuth al-bīʼī :$bal-ʻIrāq bi-shakl ʻāmm wa-Kūrdistān bi-shakl khāṣṣ /$cHindirīn Ashraf ʻIzzat Nuʻmān.
=250  \\$6880-03$aal-Ṭabʻah al-ūlá.
=264  \\$6880-04$aDuhūk :$bḤukūmat Iqlīm Kurdistān, Wizārat al-Thaqāfah wa-al-Shabāb, al-Mudīrīyah al-ʻĀmmah lil-Iʻlām wa-al-Ṭibāʻah wa-al-Nashr, Mudīrīyat al-Ṭibāʻah wa-al-Nashr,$c[2013]
=300  \\$a275 pages :$billustrations, facsimiles ;$c21 cm
=336  \\$atext$btxt$2rdacontent
=337  \\$aunmediated$bn$2rdamedia
=338  \\$avolume$bnc$2rdacarrier
=504  \\$aIncludes bibliographical references.
=752  \\$aIraq$dDihōk.
=880  1\$6100-01/$aنعمان، هندرين اشرف عزت.
=880  12$6245-02/$aالقانون الدولي الإنساني والتلوث البيئي :$bالعراق بشكل عام وكوردستان بشكل خاص /$cهندرين اشرف عزت نعمان.
=880  \\$6250-03/$aالطبعة الأولى.
=880  \\$6264-04/$aدهوك :$bحكومة إقليم كردستان، وزارة الثقافة والشباب، المديرية العامة للإعلام والطباعة والنشر، مديرية الطباعة والنشر،$c[2013]
=852  0\$aNNU$bBOBST$cMAIN$p31142058156160

