=LDR  01577nam  22003135i 4500
=001  004140597
=003  NNU
=005  20150522144710.0
=008  150522s2012\\\\su\\\\\\\\\\\\000\0\ara\\
=010  \\$a2013312905
=020  \\$a9786030089109
=040  \\$aDLC$beng$cDLC$erda
=042  \\$alcode$apcc
=066  \\$c(3
=100  1\$6880-01$aIbn Jurays, Ghaythān ibn ʻAlī.
=245  10$6880-02$aʻAbd al-Wahhāb Abū Malḥah fī janūbī al-bilād al-Saʻūdīyah, 1340-1374 H/1921-1954 M :$bdirāsah tārīkhīyah wathāʼiqīyah /$ctaʼlīf U.D. Ghaythān ibn ʻAlī ibn Jurays, ustādh al-tārīkh, Jāmiʻat al-Malik Khālid.
=250  \\$6880-03$aal-Ṭabʻah al-ūlá.
=264  \1$6880-04$aAbhā :$bGhaythān ibn ʻAlī ibn Jurays,$c2012.
=300  \\$a594 pages ;$c25 cm
=336  \\$atext$2rdacontent
=337  \\$aunmediated$2rdamedia
=338  \\$avolume$2rdacarrier
=520  \\$aʻAsīr (Saudi Arabia); history; documentary study.
=880  1\$6100-01/$a‏إبن جريس، غيثان بن علي.
=880  10$6245-02/$a‏عبد الوهاب أبو ملحة في جنوبي البلاد السعودية، ١٣٤٠-١٣٧٤ هـ/١٩٢١-١٩٥٤ م :‏$b‏دراسة تاريخية وثائقية /‏$c‏تأليف .د. غيثان بن علي بن جريس، أستاذ التاريخ، جامعة الملك خالد.
=880  \\$6250-03/$a‏الطبعة الأولى.
=880  \1$6264-04/$a‏أبها :‏$b‏غيثان بن علي بن جريس،‏$c‏2012.
=852  0\$aNNU$bBOBST$cMAIN$p31142058157812

