=LDR  01439cam  22003255a 4500
=001  004147989
=003  NNU
=005  20150618105507.0
=008  150210s2014\\\\ua\\\\\\\b\\\\000\0\ara\d
=020  \\$a9789777440097
=020  \\$a977744009X
=035  7\$aleil69696
=035  \\$a(OCoLC)903555277
=040  \\$aLEILA$beng$cLEILA$dOCLCQ
=066  \\$c(3
=100  1\$6880-01$aʻImarān, Yāsir ibn Maḥmūd.
=245  10$6880-02$aʻAsr al-dajjāl :$bfī ḍawʼ al-aḥādīth al-ṣaḥīḥah /$cjamaʻa wa-tartīb Yāsir ibn Maḥmūd ʻImrān ; taqdīm Ḥlimī ibn Muḥammad ibn Ismāʻīl al-Rashīdī.
=250  \\$6880-03$aal-Ṭabʻah 1.
=260  \\$6880-04$aal-Iskandarīyah :$bal-Dār al-ʻĀlamīyah lil-Nashr wa-al-Tawzīʻ,$c2014.
=300  \\$a104 pages ;$c24 cm
=336  \\$atext$btxt$2rdacontent
=337  \\$aunmediated$bn$2rdamedia
=338  \\$avolume$bnc$2rdacarrier
=504  \\$aIncludes bibliographical references.
=880  1\$6100-01/$aعمران، ياسر بن محمود.
=880  10$6245-02/$aعصر الدجال :$bفي ضوء الحاديث الصحيحية /$cجمع وترتيب ياسر بن محمود عمران ؛ تقديم حلمي بن محمد بن إسماعيل الرشيدي.
=880  \\$6250-03/$aالطبعة ١.
=880  \\$6260-04/$aالإسكندرية :$bالدار العالمية للنشر والتوزيع،$c2014.
=852  0\$aNNU$bBOBST$cMAIN$p31142059560428

