=LDR  01415nam  22002895a 4500
=001  004148262
=003  NNU
=005  20150616120329.0
=008  150130s2015\\\\ua\a\\\\\b\\\\000\0\ara\d
=020  \\$z9789774103556
=035  7\$aleil68615
=035  \\$a(OCoLC)902342670
=040  \\$aLEILA$beng$cLEILA
=066  \\$c(3
=100  1\$6880-01$aḤuwaydaq, Muḥammad Ḥusayn.
=245  10$6880-02$aṬarz al-nuqūd al-Mamlūkīyah al-maḥfūẓah bi-majmūʻat al-Amīrah Muḍī bint ʻAssāf bi-al-Riyāḍ wa-majmūʻāt ukhrá :$bdirāsah muqāranh /$ctaʼlīf Muḥammad Ḥusayn Ḥuwaydaq.
=250  \\$6880-03$aal-Ṭabʻah 1.
=260  \\$6880-04$aal-Manṣūrah :$bal-Maktabah al-ʻAṣrīyah lil-Nashr wa-al-Tawzīʻ,$c2015.
=300  \\$a257 p. :$bill., col. ;$c24 cm.
=504  \\$aIncludes bibliographical references (p. 236-244).
=520  \\$aCoins, Mameluke; Saudi Arabia; comparative study.
=880  1\$6100-01/$aحويدق، محمد حسين.
=880  10$6245-02/$aطرز النقود المملوكية المحفوظة بمجموعة الأميرة موضي بنت عشاف بالرياض ومجوعات أخرى :$bدراسة مقارنة /$cتأليف محمد حسين حويدق.
=880  \\$6250-03/$aالطبعة ١ .
=880  \\$6260-04/$aالمنصورة :$bالمكتبة العصرية للنشر والتوزيع،$c2015.
=852  0\$aNNU$bBOBST$cMAIN$p31142059559685

