=LDR  00357nam  22001335a 4500
=001  004169637
=003  NNU
=005  20150825030316.0
=008  150825s2012\\\\sy\\\\\\\b\\\\000\0\ara\d
=020  \\$a9789948166979
=245  10$aal-Waṭanīyah fī shi‘r Ḥammād Khāṭirī
=260  \\$aDamascus$bDar al-Hilal$c2012.
=852  0\$aNNU$bNABUD$cMAIN$p31122058545554

