=LDR  00328nam  22001215a 4500
=001  004169640
=003  NNU
=005  20150825031400.0
=008  150825s2006\\\\ts\\\\\\\b\\\\000\0\ara\d
=245  10$aRiʻāyat wa-taʼhīl dhūwī al-iḥtiyājāt al-khāṣṣah
=260  \\$bGigja,$c2006.
=852  0\$aNNU$bNABUD$cMAIN$p31122058545570

