=LDR  00345nam  22001335a 4500
=001  004174257
=003  NNU
=005  20150903031230.0
=008  150903s2012\\\\ts\\\\\\\b\\\\000\0\eng\d
=100  1\$aYounis, Ala
=245  10$aTin soldiers$cbook project by Ala Younis
=260  \\$aJordan,$bNational Press,$c2012.
=852  0\$aNNU$bNABUD$cMAIN$p31122058546065

