=LDR  00318nam  22001215a 4500
=001  004174258
=003  NNU
=005  20150903031627.0
=008  150903s2007\\\\ts\\\\\\\b\\\\000\0\eng\d
=245  10$aAmal Kenway :$bdarat al funun /
=260  \\$aAmman :$bKhalid Shoman Foundation,$c2007.
=852  0\$aNNU$bNABUD$cMAIN$p31122058546073

