=LDR  00365nam  22001215a 4500
=001  004174262
=003  NNU
=005  20150903033458.0
=008  150903s2011\\\\ts\\\\\\\b\\\\000\0\eng\d
=245  10$aAl-ghaib :$baesthetics of the disappearance /$cconceived and curated by Gaia Serena Simionati.
=260  \\$bMaraya Art Centre,$c2011.
=852  0\$aNNU$bNABUD$cMAIN$p31122058546115

