=LDR  01248cam  22003135a 4500
=001  004186211
=003  NNU
=005  20151020090908.0
=008  150331s2014\\\\ua\\\\\\\b\\\\000\0\ara\d
=020  \\$a9789770476239
=020  \\$a9770476234
=035  7\$aleil70851
=035  \\$a(OCoLC)910519491
=040  \\$aLEILA$beng$cLEILA$dOCLCQ
=066  \\$c(3
=100  1\$6880-01$aSharīf, ʻAbd Allāh Sulṭān.
=245  13$6880-02$aal-Khaṭar ka-asās qānūnī lil-difāʻ al-sharʻī :$bdirāsah muqāranah /$cʻAbd Allāh Sulṭān al-Sharīf.
=260  \\$6880-03$aal-Qāhirah :$bDār al-Nahḍah al-ʻArabīyah,$c2014.
=300  \\$a222 pages ;$c25 cm
=336  \\$atext$btxt$2rdacontent
=337  \\$aunmediated$bn$2rdamedia
=338  \\$avolume$bnc$2rdacarrier
=504  \\$aIncludes bibliographical references (pages 213-218).
=520  \\$aSelf-defense (Law); comparative study.
=880  1\$6100-01/$aشريف، عبد الله سلطان.
=880  12$6245-02/$aالخطر كأساس قانوني للدفاع الشرعي :$bدراسة مقارنة /$cعبد الله سلطان الشريف.
=880  \\$6260-03/$aالقاهرة :$bدار النهضة العربية،$c2014.
=852  0\$aNNU$bBOBST$cMAIN$p31142059627706

