=LDR  01183nam  22003015i 4500
=001  004186249
=003  NNU
=005  20160204101324.0
=008  150822s2015\\\\su\\\\\\\b\\\\000\0\ara\d
=020  \\$a9786038101629
=020  \\$a6038101624
=035  7\$aleil73406
=035  \\$a(OCoLC)920342601
=040  \\$aLEILA$beng$cLEILA
=066  \\$c(3
=100  1\$6880-01$aʻUtaybī, Saʻd ibn Bijād ibn Muṣliḥ.
=245  10$6880-02$aTasarrub al-mafāhīm al-irjāʼīyah fī al-wāqiʻ al-muʻāṣir /$ciʻdād Saʻd ibn Bijād al-ʻUtaybī.
=260  \\$6880-03$a[al-Riyāḍ] :$bMajallat al-Bayān,$c1436 [2015 or 2016]
=300  \\$a150 p. ;$c21 cm.
=490  0\$6880-04$aal-Bayān ;$v198
=504  \\$aIncludes bibliographical references (p. 139-148).
=500  \\$aMurjiʼah.
=880  1\$6100-01/$aعتيبي، سعد بن بجاد.
=880  10$6245-02/$aتسرب المفاهيم الإرجائية في الواقع المعاصر /$cإعداد سعد بن بجاد العتيبي.
=880  \\$6260-03/$a[الرياض] :$bمجلة البيان،$c1436 [2015 or 2016]
=880  0\$6490-04/$aالبيان ؛$v١٩٨
=852  0\$aNNU$bBOBST$cMAIN$p31142059629082

