=LDR  01331nam  22003015i 4500
=001  004186257
=003  NNU
=005  20150907095216.1
=008  150823s2014\\\\su\ab\\\\b\\\\000\0\ara\\
=020  \\$a9786035052566
=035  \\$a(EGCaLB)73423
=035  7\$aleil73423
=040  \\$aEG-CaLB$cEG-CaLB$dNNU
=066  \\$c(3
=100  1\$6880-01$aAḥmad, Badr al-Dīn Yūsuf Muḥammad.
=245  10$6880-02$aMawāqīt al-ḥajj al-makānīyah :$bdirāsah fī al-jughrāfīyā wa-mafhūm al-muḥādhāh /$ciʻdād Badr al-Dīn Yūsuf Muḥammad Aḥmad.
=250  \\$6880-03$aal-Ṭabʻah 1.
=260  \\$6880-04$aal-Riyāḍ :$bJāmiʻat al-Imām Muḥammad ibn Saʻūd al-Islāmīyah,$c2014.
=300  \\$a202 p. :$bill., maps ;$c23 cm.
=490  0\$6880-05$aKutub
=504  \\$aIncludes bibliographical references ([187]-191).
=880  1\$6100-01/$aأحمد، بدر الدين يوسف محمد.
=880  10$6245-02/$aمواقيت الحج المكانية :$bدراسة في الجغرافيا ومفهوم المحاذاة /$cإعداد بدر الدين يوسف محمد أحمد.
=880  \\$6250-03/$aالطبعة ١.
=880  \\$6260-04/$aالرياض :$bجامعة الإمام محمد بن سعود الإسلامية،$c2014.
=880  0\$6490-05/$aكتب
=852  0\$aNNU$bBOBST$cMAIN$p31142059629140

