=LDR  00427nam  22001335a 4500
=001  004192657
=003  NNU
=005  20151004075258.0
=008  151004s2015\\\\ts\\\\\\\b\\\\000\0\eng\d
=020  \\$a9789948181910
=245  00$a1980-today :$bExhibitions in the United Arab Emirates /$cEdited by Hoor Al Qasimi and Karen Marta.
=260  \\$aUAE :$bNational Pavilion United Arab Emirates,$c2015.
=852  0\$aNNU$bNABUD$cMAIN$p31122058546446

