=LDR  01235nam  22002535i 4500
=001  004201054
=003  NNU
=005  20151016090702.2
=008  120426s2012\\\\ua\\\\\\\\\\\\000\0\ara\\
=035  \\$a(EGCaLB)50545
=035  7\$aleil50545
=040  \\$aEG-CaLB$cEG-CaLB$dNNU
=066  \\$c(3
=100  1\$6880-01$aGhurayrī, Asʻad.
=245  10$6880-02$aQabla al-ṭufān al-taqaddum ilá al-warāʼ :$bwaṣf taḥlīlī shāmil li-mujmal al-awḍāʻ al-ʻArabīyah ʻalá madá thamānīyat qurūn min ʻumr /$cal-Asʻad al-Ghurayrī.
=250  \\$6880-03$aal-Ṭabʻah 1.
=260  \\$6880-04$aal-Qāhirah :$bMaktabat Jazīrat al-Ward,$c2012.
=300  \\$a144 p. ;$c20 cm.
=880  1\$6100-01/$aغريري، أسعد.
=880  10$6245-02/$aقبل الطوفان التقدم إلي الوراء :$bوصف تحليلي شامل لمجمل الأوضاع العربية علي مدي ثمانية قرون من عمر التخاذل الشعبي والانبطاح الرسمي، وحل واحد للخروج من الأزمة /$cأسعد الغريري.
=880  \\$6250-03/$aالطبعة ١.
=880  \\$6260-04/$aالقاهرة :$bمكتبة جزيرة الورد،$c2012.
=852  0\$aNNU$bBOBST$cMAIN$p31142059631930

