=LDR  00623nam  2200181 i 4500
=001  004212312
=003  NNU
=005  20160218094427.0
=008  151202s2008\\\\ts\\\\\\\\\\\\000\\\ara\d
=040  \\$aZYU$cZYU
=100  1\$aAḥbābī, Muḥammad ibn ʻĀyiḍ ibn Hādī.
=245  10$aDīwān Nāyfāt al-Qawāfī :$cMuḥammad ibn ʻĀyiḍ ibn Hādī Aḥbābī ; Rāshed Mazrūʻī.
=250  \\$aal-Ṭabʻah al-Ūlá.
=260  \\$aĀbū Ẓabī :$bNādī Turāth al-Imārāt :$c2008.
=300  \\$a372 pages.
=700  1\$aMazrūʻī, Rāshed.
=852  0\$aNNU$bNABUD$cMAIN$p31122059355615

