=LDR  00657nam  2200193 a 4500
=001  004212318
=003  NNU
=005  20160218091832.0
=008  151202s2013\\\\ts\\\\\\\\\\\\000\p\ara\d
=040  \\$aZYU$cZYU
=100  1\$6880-01$aibn Dhībān, Ḥamīd ibn Khalīfah.
=245  10$aDīwān Janādīl :$cḤamīd ibn Khalīfah ibn Dhībān ; Fahd Muʻmerī.
=250  \\$aal-Ṭabʻah al-Ūlá.
=260  \\$aĀbū Ẓabī :$bNādī Turāth al-Imārāt :$c2013
=260  \\$aأبو ظبي :$bنادي تراث الإمارات :$c2013
=300  \\$a235 pages.
=700  1\$aMuʻmerī, Fahd.
=852  0\$aNNU$bNABUD$cMAIN$p31122059355599

