=LDR  00516nam  2200169 a 4500
=001  004212319
=003  NNU
=005  20160218092520.0
=008  151202s2009\\\\ts\\\\\\\\\\\\000\p\ara\d
=040  \\$aZYU$cZYU
=100  1\$aBaddūr, Khāled.
=245  10$aMithl al-Mirāyā fī al-Ẓalām :$cKhāled Baddūr.
=250  \\$aal-Ṭabʻah al-Ūlá.
=260  \\$aDubaī :$bDār al-Ṣadá lil-Ṣaḥāfah wa al-Nashr wa al-Tawzīʻ :$c2009.
=300  \\$a84 pages.
=852  0\$aNNU$bNABUD$cMAIN$p31122059355607

