=LDR  00428nam  22001335a 4500
=001  004217785
=003  NNU
=005  20151217055743.0
=008  151217s2015\\\\xx\\\\\\\b\\\\000\0\eng\d
=020  \\$a9781910065952
=245  10$aArt Russe Collection of 20th Century Russian and Soviet Art :$bWar and Peace /$cCatalogue edited by Angus Haldane and Rena Lavery
=260  \\$bUnicorn Press Ltd$c2015
=852  0\$aNNU$bNABUD$cMAIN$p31122058586319

