=LDR  01017nam  22002775i 4500
=001  004227980
=003  NNU
=005  20160222113825.0
=008  160203s2015\\\\ti\ab\\\\b\\\\000\0\ara\d
=020  \\$a9789973471406
=020  \\$a9973471407
=035  7\$adarmaj015-3915-0019
=035  \\$a(OCoLC)936619576
=040  \\$aLEILA$beng$cLEILA
=066  \\$c(3
=100  1\$6880-01$aMaḥfūẓ, Fawzī.
=245  10$6880-02$aAsāṭīr Qarṭājannah fī ʻuyūn al-mūʼarrikhīn al-ʻArab /$cFawzī Maḥfūẓ.
=260  \\$6880-03$a[Tunis] :$bal-Aṭlasīyah lil-Nashr,$c2015.
=300  \\$a242 p. :$bill. maps ;$c21 cm.
=504  \\$aIncludes bibliographical references (p. 227-231).
=500  \\$aLegends; Tunisia.
=880  1\$6100-01/$aجلالى، محمد بلقاسم.
=880  10$6245-02/$aأساطير قرطاجنة فى عيون المؤرخين العرب /$cفوزى محفوظ.
=880  \\$6260-03/$a[Tunis] :$bالأطلسية للنشر،$c2015.
=852  0\$aNNU$bBOBST$cMAIN$p31142056347910

