=LDR  00406nam  22001695i 4500
=001  004227999
=003  NNU
=005  00000000000000.0
=008  160123s2014\\\\tu\\\\\\\\\\\\000\0\ara\d
=035  7\$adarmaj015-3915-0038
=040  \\$aNNU$cNNU
=100  1\$aAmin, al-Tahir
=245  10$aUfuq al-naqdi al-jadid :
=260  \\$aTunis$bMu'allif$c2014
=300  \\$a159 p.
=852  0\$aNNU$bBOBST$cMAIN$p31142056347456

