=LDR  00464nam  22001695i 4500
=001  004228010
=003  NNU
=005  00000000000000.0
=008  160123s2014\\\\tu\\\\\\\\\\\\000\0\ara\d
=035  7\$adarmaj015-3915-0049
=040  \\$aNNU$cNNU
=100  1\$aQashshat, Muhammad Sa'id
=245  10$aInhiyar al-mukhif fi al-akhlaq wa al-qiyam wa al-wafa' wa al-wataniyah :
=260  \\$aTunis$bLe Libre$c2014
=300  \\$a412 p.
=852  0\$aNNU$bBOBST$cMAIN$p31142056348108

