=LDR  00470nam  22001695i 4500
=001  004228014
=003  NNU
=005  00000000000000.0
=008  160123s2013\\\\tu\\\\\\\\\\\\000\0\ara\d
=035  7\$adarmaj015-3915-0053
=040  \\$aNNU$cNNU
=100  1\$aNadwah
=245  10$aIqa' fi al-musiqa bayna al-nazariyah wa al-mumarash: a'mal al-nadwah al-'ilmiyah :
=260  \\$aTunis$bM. Karim al-Sharif$c2013
=300  \\$a175, 50 p.
=852  0\$aNNU$bBOBST$cMAIN$p31142056347829

