=LDR  00399nam  22001695i 4500
=001  004228023
=003  NNU
=005  00000000000000.0
=008  160123s2013\\\\tu\\\\\\\\\\\\000\0\ara\d
=035  7\$adarmaj015-3915-0062
=040  \\$aNNU$cNNU
=100  1\$aAmin, al-Tahir
=245  10$aBu's al-huwiyah :
=260  \\$aTunis$bMu'allif$c2013
=300  \\$a158 p.
=852  0\$aNNU$bBOBST$cMAIN$p31142059512890

