=LDR  01186cam  22003015a 4500
=001  004228024
=003  NNU
=005  20160201094331.0
=008  150610s2015\\\\ti\a\\\\\b\\\\000\0\ara\d
=020  \\$a9789973471499
=020  \\$a9973471490
=035  7\$adarmaj015-3915-0063
=035  \\$a(OCoLC)912188841
=040  \\$aLEILA$beng$cLEILA$dOCLCO$dOCLCQ
=066  \\$c(3
=100  1\$6880-01$aBin Salāmah, al-Bashīr,$d1931-
=245  10$6880-02$aBayna al-judhūr wa-al-ʻubūr :$bbi-mathābat sīrah dhātīyah thānīyah /$cal-Bashīr Bin Salāmah.
=260  \\$6880-03$aTūnis :$bal-Aṭlasīyah lil-Nashr,$c2015.
=300  \\$a367, xxxii pages :$billustrations ;$c27 cm
=336  \\$atext$btxt$2rdacontent
=337  \\$aunmediated$bn$2rdamedia
=338  \\$avolume$bnc$2rdacarrier
=504  \\$aIncludes bibliographical references (pages ii-xxxii).
=880  1\$6100-01/$aبن سلامة، البشير.
=880  10$6245-02/$aبين الجذور والعبور :$bبمثابة سيرة ذاتية ثانية /$cتأليف البشير بن سلامة.
=880  \\$6260-03/$aتونس :$bالأطلسية للنشر،$c2015.
=852  0\$aNNU$bBOBST$cMAIN$p31142059513054

