=LDR  00422nam  22001695i 4500
=001  004228038
=003  NNU
=005  00000000000000.0
=008  160123s2013\\\\tu\\\\\\\\\\\\000\0\ara\d
=035  7\$adarmaj015-3915-0077
=040  \\$aNNU$cNNU
=100  1\$aAmmari, Saniyah bin Jami'
=245  10$aTunisiyat wa-masar al-thawrah :
=260  \\$aTunis$bCREDIF$c2013
=300  \\$a167 p.
=852  0\$aNNU$bBOBST$cMAIN$p31142056347977

