=LDR  00431nam  22001695i 4500
=001  004228072
=003  NNU
=005  00000000000000.0
=008  160123s2014\\\\tu\\\\\\\\\\\\000\0\ara\d
=035  7\$adarmaj015-3915-0111
=040  \\$aNNU$cNNU
=100  1\$aFazazi, 'Abd al-Salam
=245  10$aDirasat naqdiyah fi shi'r Sa'di Yusuf :
=260  \\$aTunis$bD. al-Majal$c2014
=300  \\$a126 p.
=852  0\$aNNU$bBOBST$cMAIN$p31142056348173

