=LDR  01652nam  22003855i 4500
=001  004228078
=003  NNU
=005  20160204094203.0
=008  150320s2013\\\\ti\a\\\\\b\\\\000\0\ara\\
=010  \\$a2015353338
=020  \\$a9789938059571
=020  \\$a9938059570
=035  7\$adarmaj015-3915-0117
=035  \\$a(OCoLC)907948521
=040  \\$aDLC$beng$erda$cDLC
=042  \\$apcc$alcode
=066  \\$c(3
=100  1\$6880-01$aDālī, Muḥammad al-Mahdī.
=245  10$6880-02$aRaʼy al-qalam :$bmajmūʻat maqālāt wa-ḥiwārāt wa-mudākhalāt /$cal-Ustādh Muḥammad al-Mahdī al-Dālī ; taqdīm wa-murājaʻah lughawīyah al-Ustādh Naṣr al-Dīn al-Zāhī.
=250  \\$6880-03$aal-Ṭabʻah al-ūlá.
=264  \1$6880-04$aTūnis :$bMuḥammad al-Mahdī al-Dālī,$c2013.
=300  \\$a283 pages :$billustrations (some color) ;$c20 cm
=336  \\$atext$btxt$2rdacontent
=337  \\$aunmediated$bn$2rdamedia
=338  \\$avolume$bnc$2rdacarrier
=504  \\$aIncludes bibliographical references.
=520  \\$aArabic essays; 20th century.
=700  1\$6880-05$aZāhī, Naṣr al-Dīn.
=880  1\$6100-01/$aدالي، محمد المهدي.
=880  10$6245-02/$aرأي القلم :$bمجموعة مقالات وحوارات ومداخلات /$cالأستاذ محمد المهدي الدالي ؛ تقديم ومراجعة لغوية الأستاذ نصر الدين الزاهي.
=880  \\$6250-03/$aالطبعة الأولى.
=880  \1$6264-04/$aتونس :$bمحمد المهدي الدالي،$c2013.
=880  1\$6700-05/$aزاهي، نصر الدين.
=852  0\$aNNU$bBOBST$cMAIN$p31142056348090

