=LDR  00441nam  22001695i 4500
=001  004228083
=003  NNU
=005  00000000000000.0
=008  160123s2015\\\\tu\\\\\\\\\\\\000\0\ara\d
=035  7\$adarmaj015-3915-0122
=040  \\$aNNU$cNNU
=100  1\$aShammam, Basir
=245  10$aRu'yah fi al-muwazanah bayna al-usuliyah wa al-madhhabiyah :
=260  \\$aTunis$bM. Tunis$c2015
=300  \\$a75 p.
=852  0\$aNNU$bBOBST$cMAIN$p31142059513005

