=LDR  01364nam  22003615i 4500
=001  004228091
=003  NNU
=005  20160222103051.0
=008  150305s2014\\\\ti\\\\\\\b\\\\001\0\ara\\
=010  \\$a2015353134
=020  \\$a9789938864151
=020  \\$a9938864155
=035  7\$adarmaj015-3915-0130
=035  \\$a(OCoLC)907948520
=040  \\$aDLC$beng$erda$cDLC
=042  \\$apcc$alcode
=066  \\$c(3
=100  1\$6880-01$aWannās, al-Munṣif.
=245  13$6880-02$aal-Shakhṣīyah al-Lībīyah :$bthālūth al-qabīlah wa-al-ghanīmah wa-al-ghalabah /$cal-Munṣif Wannās.
=250  \\$6880-03$aal-Ṭabʻah al-ūlá.
=264  \1$6880-04$aتونس :$bالدار المتوسطية للنشر،$c2014.
=300  \\$a112 pages ;$c20 cm
=336  \\$atext$btxt$2rdacontent
=337  \\$aunmediated$bn$2rdamedia
=338  \\$avolume$bnc$2rdacarrier
=504  \\$aIncludes bibliographical references (pages 102-108) and index.
=500  \\$aNational characteristics; Libya.
=880  1\$6100-01/$aوناس، المنصف.
=880  12$6245-02/$aالشخصية الليبية :$bثالوث القبيلة والغنيمة والغلبة /$cالمنصف وناس.
=880  \\$6250-03/$aالطبعة الأولى.
=880  \1$6264-04/$aTūnis :$bal-Dār al-Mutawasiṭīyah lil-Nashr,$c2014.
=852  0\$aNNU$bBOBST$cMAIN$p31142056348058

