=LDR  01416nam  22003735i 4500
=001  004228095
=003  NNU
=005  20160128124640.0
=008  150730s2014\\\\ti\\\\\\\\\\\\000\0\ara\\
=010  \\$a2015353915
=020  \\$a9789973284334
=020  \\$a997328433X
=035  7\$adarmaj015-3915-0133
=035  \\$a(OCoLC)920681064
=040  \\$aDLC$beng$erda$cDLC
=042  \\$alcode$apcc
=066  \\$c(3
=100  1\$6880-01$aBarhūmī, Ṣalāḥ al-Dīn,$eauthor.
=245  13$6880-02$aal-Shamāl al-gharbī al-jabalī al-majāl al-zirāʻī wa-maṣādir al-ʻumlah /$cṢalāḥ al-Dīn Barhūmī.
=250  \\$6880-03$aal-Ṭabʻah al-ūlá.
=264  \1$6880-04$aTūnis :$bDār Siḥr lil-Nashr,$c[2014]
=300  \\$a132 pages ;$c20 cm.
=336  \\$atext$btxt$2rdacontent
=337  \\$aunmediated$bn$2rdamedia
=338  \\$avolume$bnc$2rdacarrier
=490  0\$6880-05$aSilsilat kitāb al-shahr ;$v9
=500  \\$aAgriculture; Tunisia; history.
=880  1\$6100-01/$aبرهومي، صلاح الدين.
=880  12$6245-02/$aالشمال الغربي الجبلي المجال الزراعي ومصادر العملة /$cصلاح الدين برهومي.
=880  \\$6250-03/$aالطبعة الأولى.
=880  \1$6264-04/$aتونس :$bدار سحر للنشر،$c[2014]
=880  0\$6490-05/$aسلسلة كتاب الشهر ؛$v9
=852  0\$aNNU$bBOBST$cMAIN$p31142059512957

