=LDR  00499nam  22001695i 4500
=001  004228097
=003  NNU
=005  00000000000000.0
=008  160123s2014\\\\tu\\\\\\\\\\\\000\0\ara\d
=035  7\$adarmaj015-3915-0135
=040  \\$aNNU$cNNU
=100  1\$aAshghal al-Multaq al-Duwali
=245  10$aSuhufi al-yawm fi 'asr 'awlamat al-ittisal: mithal al-duwal al-'Arabiyah wa al-Afriqiyah :
=260  \\$aTunis$bMa'had al-Sahafah$c2014
=300  \\$a147, 108 p.
=852  0\$aNNU$bBOBST$cMAIN$p31142059512650

