=LDR  00449nam  22001695i 4500
=001  004228118
=003  NNU
=005  00000000000000.0
=008  160123s2015\\\\tu\\\\\\\\\\\\000\0\ara\d
=035  7\$adarmaj015-3915-0156
=040  \\$aNNU$cNNU
=100  1\$aSulaymani, al-Munji
=245  10$aFa'ilun al-siyasiyun wa-tahdith al-ta'lim fi Tunis, 1956-1994 :
=260  \\$aTunis$bD. Afaq$c2015
=300  \\$a191 p.
=852  0\$aNNU$bBOBST$cMAIN$p31142059512700

