=LDR  00418nam  22001695i 4500
=001  004228123
=003  NNU
=005  00000000000000.0
=008  160123s2015\\\\tu\\\\\\\\\\\\000\0\ara\d
=035  7\$adarmaj015-3915-0161
=040  \\$aNNU$cNNU
=100  1\$aShammam, Basir
=245  10$aFikr al-salafi: malahu wa-ma 'alayh :
=260  \\$aTunis$bM. Tunis$c2015
=300  \\$a83 p.
=852  0\$aNNU$bBOBST$cMAIN$p31142059512999

