=LDR  00447nam  22001695i 4500
=001  004228128
=003  NNU
=005  00000000000000.0
=008  160123s2015\\\\tu\\\\\\\\\\\\000\0\ara\d
=035  7\$adarmaj015-3915-0166
=040  \\$aNNU$cNNU
=100  1\$aKhidr, 'Adil
=245  10$aFi al-surah wa al-wajh wa al-kalimah: maqalat midyalujiyah :
=260  \\$aTunis$bD. al-Tunisiyah$c2015
=300  \\$a188 p.
=852  0\$aNNU$bBOBST$cMAIN$p31142059512866

