=LDR  00419nam  22001695i 4500
=001  004228131
=003  NNU
=005  00000000000000.0
=008  160123s2014\\\\tu\\\\\\\\\\\\000\0\ara\d
=035  7\$adarmaj015-3915-0169
=040  \\$aNNU$cNNU
=100  1\$aKhidr, 'Adil
=245  10$aFi mara'thi al-suar: maqalat fi al-surah :
=260  \\$aTunis$bSahar$c2014
=300  \\$a131 p.
=852  0\$aNNU$bBOBST$cMAIN$p31142056348066

