=LDR  00446nam  22001695i 4500
=001  004228145
=003  NNU
=005  00000000000000.0
=008  160123s2014\\\\tu\\\\\\\\\\\\000\0\ara\d
=035  7\$adarmaj015-3915-0183
=040  \\$aNNU$cNNU
=100  1\$aBaladi, 'Abd al-Rahman Muhammad
=245  10$aKitab al-Fahd; tahqiq 'Abd al-Hafiz Mansur :
=260  \\$aTunis$bMuhaqqiq$c2014
=300  \\$a98, 20 p.
=852  0\$aNNU$bBOBST$cMAIN$p31142059514243

