=LDR  00481nam  22001695i 4500
=001  004228146
=003  NNU
=005  00000000000000.0
=008  160123s2015\\\\tu\\\\\\\\\\\\000\0\ara\d
=035  7\$adarmaj015-3915-0184
=040  \\$aNNU$cNNU
=100  1\$aBin Farikhiyah, Sulaf
=245  10$aKitabat al-nisa'iyah al-Tunisiyah: bibliyughrafya 2014= les ecrits des femmes Tunisiennes :
=260  \\$aTunis$bCREDIF$c2015
=300  \\$a71, 65 p.
=852  0\$aNNU$bBOBST$cMAIN$p31142056347449

