=LDR  00441nam  22001695i 4500
=001  004228147
=003  NNU
=005  00000000000000.0
=008  160123s2014\\\\tu\\\\\\\\\\\\000\0\ara\d
=035  7\$adarmaj015-3915-0185
=040  \\$aNNU$cNNU
=100  1\$aQusuni, Badr al-Din
=245  10$aKalam 'ala al-hammam; tahqiq 'Abd al-Hafiz Mansur :
=260  \\$aTunis$bMuhaqqiq$c2014
=300  \\$a97, 26 p.
=852  0\$aNNU$bBOBST$cMAIN$p31142056347886

