=LDR  00437nam  22001695i 4500
=001  004228151
=003  NNU
=005  00000000000000.0
=008  160123s2015\\\\tu\\\\\\\\\\\\000\0\ara\d
=035  7\$adarmaj015-3915-0189
=040  \\$aNNU$cNNU
=100  1\$aBarkawi, Fatimah
=245  10$aLa takadu tansa al-amani: majmu'ah qisasiyah :
=260  \\$aTunis$bNuqush 'Arabiyah$c2015
=300  \\$a67 p.
=852  0\$aNNU$bBOBST$cMAIN$p31142056347381

