=LDR  00466nam  22001695i 4500
=001  004228159
=003  NNU
=005  00000000000000.0
=008  160123s2013\\\\tu\\\\\\\\\\\\000\0\ara\d
=035  7\$adarmaj015-3915-0197
=040  \\$aNNU$cNNU
=100  1\$aBarnusi, Nadiyah et al
=245  10$aMuhadarat al-Kirdif: musawat al-naw' al-ijtima'I wa al-intiqal al-dimmuqrati :
=260  \\$aTunis$bCREDIF$c2013
=300  \\$a220 p.
=852  0\$aNNU$bBOBST$cMAIN$p31142056347969

