=LDR  01214cam  22003135a 4500
=001  004228172
=003  NNU
=005  20160202113525.0
=008  150614s2014\\\\ti\\\\\\\b\\\\000\0\ara\d
=020  \\$a9789973471369
=020  \\$a9973471369
=035  7\$adarmaj015-3915-0210
=035  \\$a(OCoLC)912189129
=040  \\$aLEILA$beng$cLEILA$dOCLCQ
=066  \\$c(3
=100  1\$6880-01$aMadīnī, Tawfīq.
=245  13$6880-02$aal-Maghrib al-ʻArabī wa-maʼzaq al-sharākah maʻa al-Ittiḥād al-Ūrūbbī /$cTawfīq al-Madīnī.
=260  \\$6880-03$a[Tunis] :$bal-Aṭlasīyah lil-Nashr,$c2014.
=300  \\$a307 pages ;$c24 cm
=336  \\$atext$btxt$2rdacontent
=337  \\$aunmediated$bn$2rdamedia
=338  \\$avolume$bnc$2rdacarrier
=504  \\$aIncludes bibliographical references (pages 306-307).
=520  \\$aAfrica, North; foreign economic relations; European Union countries.
=880  1\$6100-01/$aمديني، توفيق.
=880  12$6245-02/$aالمغرب العربي ومأزق الشراكة مع الاتحاد الأوروبي /$cتوفيق المديني.
=880  \\$6260-03/$a[تونس] :$bالأطلسية للنشر،$c2014.
=852  0\$aNNU$bBOBST$cMAIN$p31142059513484

