=LDR  01313cam  22003375a 4500
=001  004228173
=003  NNU
=005  20160204111434.0
=008  141217s2014\\\\ua\\\\\\\b\\\\001\0\ara\d
=020  \\$a9789938839920
=020  \\$a9938839924
=035  7\$adarmaj015-3915-0211
=035  \\$a(OCoLC)900891067
=040  \\$aLEILA$beng$cLEILA$dOCLCO$dOCLCQ
=066  \\$c(3
=100  1\$6880-01$aQawādir, ʻAbd al-Bāsiṭ,$d1969-
=245  10$6880-02$aMafhūm al-mukhālafah wa-athruh fī al-ikhtilāf al-fiqhī /$cʻAbd al-Bāsiṭ Qawādir.
=250  \\$6880-03$aal-Ṭabʻah 1.
=260  \\$6880-04$a[Tunis] :$bal-Dār al-Tūnisīyah lil-Kitāb,$c2014.
=300  \\$a161 pages ;$c24 cm
=336  \\$atext$btxt$2rdacontent
=337  \\$aunmediated$bn$2rdamedia
=338  \\$avolume$bnc$2rdacarrier
=504  \\$aIncludes bibliographical references (pages 159-161) and indexes.
=520  \\$aIslamic law; interpretation and construction.
=880  1\$6100-01/$aقوادر، عبد الباسط.
=880  10$6245-02/$aمفهوم المخالفة وأثره في الاختلاف الفقهي /$cعبد الباسط قوادر.
=880  \\$6250-03/$aالطبعة ١.
=880  \\$6260-04/$a[Tunis] :$bالدار التونسية للكتاب،$c2014.
=852  0\$aNNU$bBOBST$cMAIN$p31142059513609

