=LDR  01292cam  22003255a 4500
=001  004228185
=003  NNU
=005  20160126122855.0
=008  141222s2014\\\\ua\\\\\\\b\\\\000\0\ara\d
=020  \\$a9789938843361
=020  \\$a9938843360
=035  7\$adarmaj015-3915-0223
=035  \\$a(OCoLC)902604015
=040  \\$aLEILA$beng$cLEILA$dOCLCQ
=066  \\$c(3
=100  1\$6880-01$aAkhḍar, al-ʻAfīf.
=245  10$6880-02$aMin naqd al-samāʻ ilá naqd al-arḍ :$bal-shaʻbawīyah al-uṣūlīyah : min ayna wa-ilá ayna? /$cal-ʻAfīf al-Akhḍar.
=250  \\$6880-03$aal-Ṭabʻah 1.
=260  \\$6880-04$aTūnis :$bDār Āfāq-Brisbiktīf lil-Nashr bi-Tūnis,$c2014.
=300  \\$a166 pages ;$c24 cm
=336  \\$atext$btxt$2rdacontent
=337  \\$aunmediated$bn$2rdamedia
=338  \\$avolume$bnc$2rdacarrier
=504  \\$aIncludes bibliographical references.
=880  1\$6100-01/$aأخضر، العفيف.
=880  10$6245-02/$aمن نقد السماء إلى نقد الأرض :$bالشعبوية الأصولية :من أين وإلى أين؟ /$cالعفيف الأخضر.
=880  \\$6250-03/$aالطبعة ١.
=880  \\$6260-04/$aتونس :$bدار ىفاق-برسبكتيف للنشر بتونس،$c2014.
=852  0\$aNNU$bBOBST$cMAIN$p31142056347324

