=LDR  01004nam  2200289Mi 4500
=001  004228189
=003  NNU
=005  20160222085300.0
=008  160203s2015\\\\ti\\\\\\\b\\\\000\0\ara\d
=020  \\$a9789938854305
=020  \\$a9938854303
=035  7\$adarmaj015-3915-0227
=035  \\$a(OCoLC)936619467
=040  \\$aLEILA$beng$cLEILA
=100  1\$6880-01$aShitīwī, Muḥammad.
=245  13$6880-02$aal-Manṭūq wa-al-mafhūm /$cMuḥammad al-Shitīwī.
=250  \\$6880-03$aal-Ṭabʻah 1.
=260  \\$6880-04$aTūnis :$bMaktabat Tūnis,$c2015.
=300  \\$a159 p. ;$c21 cm.
=504  \\$aIncludes bibliographical references (p. 147-156).
=520  \\$aIslamic law; criticism and interpretations.
=880  1\$6100-01/$aشتيوى، محمد.
=880  12$6245-02/$aالمنطوق والمفهوم /$cمحمد الشتيوى.
=880  \\$6250-03/$aالطبعة ١.
=880  \\$6260-04/$aتونس :$bمكتبة تونس،$c2015.
=852  0\$aNNU$bBOBST$cMAIN$p31142059512767

