=LDR  00403cam  22001455i 4500
=001  004228199
=003  NNU
=005  20160226113112.0
=008  150730s2013\\\\ti\\\\\\\b\\\\000\0\ara\\
=010  \\$a  2015353801
=035  7\$adarmaj015-3915-0237
=040  \\$aNNU$beng$erda$cNNU
=245  13$6880-02$aNisa tunisiyat$bal-Muqaddimah namūdhajan /$cKhalīl al-Munīf.
=852  0\$aNNU$bBOBST$cMAIN$p31142056347746

