=LDR  01215nam  22003015i 4500
=001  004228203
=003  NNU
=005  20160222110913.0
=008  160203s2014\\\\ti\\\\\\\b\\\\000\0\ara\d
=020  \\$a9789938858747
=020  \\$a9938858740
=035  7\$adarmaj015-3915-0241
=035  \\$a(OCoLC)936619674
=040  \\$aLEILA$beng$cLEILA
=066  \\$c(3
=100  1\$6880-01$aʻAbd al-Raḥmān, Fatḥī.
=245  10$6880-02$aNiẓām al-irth bayna al-Yahūdīyah wa-al-Islām /$cFatḥī ʻAbd al-Raḥmān ; taqdīm Muḥammad Būzughaybah.
=250  \\$6880-03$aal-Ṭabʻah 1.
=260  \\$6880-04$aTūnis :$bMujammaʻ al-Aṭrash lil-Kitāb al-Mukhtaṣ,$c2014.
=300  \\$a215 p. ;$c23 cm.
=504  \\$aIncludes bibliographical references (p. 204-213).
=500  \\$aIslam; Jewish; inheritance.
=880  1\$6100-01/$aعبد الرحمان، فتحى.
=880  10$6245-02/$aنظام الإرث بين اليهودية والإسلام /$cفتحى بن عبد الرحمان ؛ تقديم محمد بوزغيبة.
=880  \\$6250-03/$aالطبعة ١
=880  \\$6260-04/$aتونس :$bمجمع الأطرش للكتاب المختص،$c2014.
=852  0\$aNNU$bBOBST$cMAIN$p31142059513419

