=LDR  00459nam  22001695i 4500
=001  004228212
=003  NNU
=005  00000000000000.0
=008  160123s2014\\\\tu\\\\\\\\\\\\000\0\ara\d
=035  7\$adarmaj015-3915-0250
=040  \\$aNNU$cNNU
=100  1\$aDawdi, Islah
=245  10$aNak-halah: ahada 'ashar rahtan banafsajiyan fi al-mufakkirah al-sawda' :
=260  \\$aTunis$bNuqush 'Arabiyah$c2014
=300  \\$a79 p.
=852  0\$aNNU$bBOBST$cMAIN$p31142056347282

