=LDR  00465nam  22001695i 4500
=001  004229930
=003  NNU
=005  00000000000000.0
=008  160126s2014\\\\mr\\\\\\\\\\\\000\0\ara\d
=035  7\$adarmaj015-3291-0004
=040  \\$aNNU$cNNU
=100  1\$aKhayyali, 'Abd al-Latif
=245  10$aAjwibah al-shafiyah 'an al-as'ilah al-masiriyah min ayn? Limadha? Wa-ila ayn? :
=260  \\$bD. al-Aman$c2014
=300  \\$a166 p.
=852  0\$aNNU$bBOBST$cMAIN$p31142060001560

