=LDR  00467nam  22001695i 4500
=001  004229932
=003  NNU
=005  00000000000000.0
=008  160126s2013\\\\mr\\\\\\\\\\\\000\0\ara\d
=035  7\$adarmaj015-3291-0006
=040  \\$aNNU$cNNU
=100  1\$aBiru, Ahmad
=245  10$aIhatah fi angham Gharnatah: ash'ar al-nawbah\U+2026\ bi al-riwayah al-Ribatiyah :
=260  \\$bJam'iyat Ribat al-Fath$c2013
=300  \\$a502 p.
=852  0\$aNNU$bBOBST$cMAIN$p31142056884730

