=LDR  00496nam  22001695i 4500
=001  004229935
=003  NNU
=005  00000000000000.0
=008  160126s2014\\\\mr\\\\\\\\\\\\000\0\ara\d
=035  7\$adarmaj015-3291-0009
=040  \\$aNNU$cNNU
=100  1\$aSusi, Radiy Allah 'Abd al-Wafi
=245  10$aAdaw Simlal: al-masar al-tarikhi wa al-'ata' al-fikri; ashghal al-nadwah\U+2026\2014 :
=260  \\$bJam'iyat Takdit Ayat 'Abbas$c2014
=300  \\$a280 p.
=852  0\$aNNU$bBOBST$cMAIN$p31142060002402

