=LDR  00474nam  22001695i 4500
=001  004229937
=003  NNU
=005  00000000000000.0
=008  160126s2014\\\\mr\\\\\\\\\\\\000\0\ara\d
=035  7\$adarmaj015-3291-0011
=040  \\$aNNU$cNNU
=100  1\$aHafiz, Ahmad et al
=245  10$aAdab al-Maghribi al-hadith wa al-mu'asir: al-tarikh wa al-khitab; abhath wa-shahadat.. :
=260  \\$bKuliyat al-Adab$c2014
=300  \\$a582 p.
=852  0\$aNNU$bBOBST$cMAIN$p31142056885232

