=LDR  00444nam  22001695i 4500
=001  004229938
=003  NNU
=005  00000000000000.0
=008  160126s2014\\\\mr\\\\\\\\\\\\000\0\ara\d
=035  7\$adarmaj015-3291-0012
=040  \\$aNNU$cNNU
=100  1\$aBin 'Attu, 'Abd Allah
=245  10$aAdab al-karamat: min mithaq al-thiqah ila khitab al-tamahi :
=260  \\$bD. al-Aman$c2014
=300  \\$a173 p.
=852  0\$aNNU$bBOBST$cMAIN$p31142056885372

