=LDR  00410nam  22001695i 4500
=001  004229941
=003  NNU
=005  00000000000000.0
=008  160126s2014\\\\mr\\\\\\\\\\\\000\0\ara\d
=035  7\$adarmaj015-3291-0015
=040  \\$aNNU$cNNU
=100  1\$aSalawi, Muhammad Adib
=245  10$aAzamat al-Maghrib ila ayn? :
=260  \\$bMu'allif$c2014
=300  \\$a158 p.
=852  0\$aNNU$bBOBST$cMAIN$p31142060002725

