=LDR  00428nam  22001695i 4500
=001  004229945
=003  NNU
=005  00000000000000.0
=008  160126s2014\\\\mr\\\\\\\\\\\\000\0\ara\d
=035  7\$adarmaj015-3291-0019
=040  \\$aNNU$cNNU
=100  1\$aHatami, Muhammad et al
=245  10$aUstadh Ahmad al-Mas'udi: rajul wa-mawaqif :
=260  \\$bK. al-Adab$c2014
=300  \\$a372 p.
=852  0\$aNNU$bBOBST$cMAIN$p31142060000430

