=LDR  01394nam  22003495i 4500
=001  004229947
=003  NNU
=005  20160205174406.0
=008  150912s2015\\\\mr\\\\\\\\\\\\000\0\ara\\
=010  \\$a2015351793
=020  \\$a9789954630136
=020  \\$a9954630139
=035  7\$adarmaj015-3291-0021
=035  \\$a(OCoLC)933432367
=040  \\$aDLC$beng$erda$cDLC
=042  \\$alcode$apcc
=066  \\$c(3
=100  1\$6880-01$aMuḥammad, Yaḥyá,$eauthor.
=245  13$6880-02$aal-Istiqrāʼ wa-al-manṭiq al-dhātī :$bdirāsah fī al-tawālud al-manṭiqī ilá al-tawālud al-dhātī wa-al-iftirāḍ al-ʻilmī /$cYaḥyá Muḥammad.
=250  \\$6880-03$aal-Ṭabʻah al-ūlá.
=264  \1$6880-04$aal-Dār al-Bayḍāʼ :$bIfrīqiyā al-Sharq,$c2015.
=300  \\$a509 pages ;$c23 cm
=336  \\$atext$btxt$2rdacontent
=337  \\$aunmediated$bn$2rdamedia
=338  \\$avolume$bnc$2rdacarrier
=500  \\$aInduction (Logic)
=880  1\$6100-01/$aمحمد، يحيى.
=880  12$6245-02/$aالإستقراء والمنطق الذاتي :$bدراسة في التوالد المنطقي إلى التوالد الذاتي والإفتراض العلمي /$cيحيى محمد.
=880  \\$6250-03/$aالطبعة الأولى.
=880  \1$6264-04/$aالدار البيضاء :$bإفريقيا الشرق،$c2015.
=852  0\$aNNU$bBOBST$cMAIN$p31142060000505

