=LDR  00449nam  22001695i 4500
=001  004229948
=003  NNU
=005  00000000000000.0
=008  160126s2015\\\\mr\\\\\\\\\\\\000\0\ara\d
=035  7\$adarmaj015-3291-0022
=040  \\$aNNU$cNNU
=100  1\$aHarraq, Muhammad Shaddad
=245  10$aUsrah al-'ilmiyah al-Nasiriyah fi khidmat turath al-badiyah :
=260  \\$bD. al-Watan$c2015
=300  \\$a189 p.
=852  0\$aNNU$bBOBST$cMAIN$p31142056886065

