=LDR  00429nam  22001695i 4500
=001  004229950
=003  NNU
=005  00000000000000.0
=008  160126s2015\\\\mr\\\\\\\\\\\\000\0\ara\d
=035  7\$adarmaj015-3291-0024
=040  \\$aNNU$cNNU
=100  1\$aTilut, Jamilah
=245  10$aUsrah fi al-tasawwur al-Qur'ani :
=260  \\$bMarkaz al-Dirasat al-Usariyah$c2015
=300  \\$a207 p.
=852  0\$aNNU$bBOBST$cMAIN$p31142060000109

