=LDR  00407nam  22001695i 4500
=001  004229951
=003  NNU
=005  00000000000000.0
=008  160126s2015\\\\mr\\\\\\\\\\\\000\0\ara\d
=035  7\$adarmaj015-3291-0025
=040  \\$aNNU$cNNU
=100  1\$aAzghāy, ʻAzīz.
=245  10$aAsra 'ala qimash: shi'r :
=260  \\$bBayt al-Shi'r$c2015
=300  \\$a96 p.
=852  0\$aNNU$bBOBST$cMAIN$p31142056886073

