=LDR  00798nam  22002415i 4500
=001  004229954
=003  NNU
=005  20160208112334.0
=008  160131s2015\\\\mr\\\\\\\b\\\\000\0\ara\d
=020  \\$a9789954638194
=020  \\$a9954638199
=035  7\$adarmaj015-3291-0028
=035  \\$a(OCoLC)936300981
=040  \\$aLEILA$beng$cLEILA
=066  \\$c(3
=245  00$6880-01$aAsʼilat al-thaqāfah fī al-ʻālam al-ʻArabī.
=260  \\$6880-02$aal-Rabāṭ :$bManshūrāt Dār al-Amān,$c[2015]
=300  \\$a169, 18 p. ;$c24 cm.
=504  \\$aIncludes bibliographical references.
=880  00$6245-01/$aأسئلة الثقافة في العالم العربي.
=880  \\$6260-02/$aالرباط :$bمنشورات دار الأمان،$c[2015]
=852  0\$aNNU$bBOBST$cMAIN$p31142056884896

