=LDR  00490nam  22001695i 4500
=001  004229960
=003  NNU
=005  00000000000000.0
=008  160126s2014\\\\mr\\\\\\\\\\\\000\0\ara\d
=035  7\$adarmaj015-3291-0034
=040  \\$aNNU$cNNU
=100  1\$aRahhuni, Ahmad bin Muhammad
=245  10$aI'alm -anam bi-huquq Al al-Bayt al-kiram; dirasah wa-tahqiq Nur al-Din al-Ghayyat :
=260  \\$bRabitah al-Muhammadiyah$c2014
=300  \\$a192 p. HC.
=852  0\$aNNU$bBOBST$cMAIN$p31142060000604

