=LDR  00670nam  22002175i 4500
=001  004229964
=003  NNU
=005  00000000000000.0
=008  160126s2014\\\\mr\\\\\\\\\\\\000\0\ara\d
=035  7\$adarmaj015-3291-0038
=040  \\$aNNU$cNNU
=100  1\$aBin'abd al-'Ali, 'Abd al-Salam
=245  10$aA'mal [li-'Abd al-Salam Bin'abd al-'Ali] :
=260  \\$bTubqal$c2014
=300  \\$a5 v. in 5
=852  0\$aNNU$bBOBST$cMAIN$p31142060001578$3v.1
=852  0\$aNNU$bBOBST$cMAIN$p31142060001586$3v.2
=852  0\$aNNU$bBOBST$cMAIN$p31142060001594$3v.3
=852  0\$aNNU$bBOBST$cMAIN$p31142060001602$3v.4
=852  0\$aNNU$bBOBST$cMAIN$p31142060001610$3v.5

