=LDR  00423nam  22001695i 4500
=001  004229971
=003  NNU
=005  00000000000000.0
=008  160126s2014\\\\mr\\\\\\\\\\\\000\0\ara\d
=035  7\$adarmaj015-3291-0045
=040  \\$aNNU$cNNU
=100  1\$aLashqar, Malikah Nayat
=245  10$aUmm al-'azibah: muqarabah susyudiniyah :
=260  \\$bMu'allif$c2014
=300  \\$a134 p.
=852  0\$aNNU$bBOBST$cMAIN$p31142060002816

