=LDR  00434nam  22001695i 4500
=001  004229973
=003  NNU
=005  00000000000000.0
=008  160126s2014\\\\mr\\\\\\\\\\\\000\0\ara\d
=035  7\$adarmaj015-3291-0047
=040  \\$aNNU$cNNU
=100  1\$aBurubuh, Amin
=245  10$aImarat al-Mu'minin wa al-qada' bayna al-fiqh wa al-tashri' :
=260  \\$bMu'allif$c2014
=300  \\$a133 p.
=852  0\$aNNU$bBOBST$cMAIN$p31142060000679

