=LDR  00428nam  22001695i 4500
=001  004229979
=003  NNU
=005  00000000000000.0
=008  160126s2014\\\\mr\\\\\\\\\\\\000\0\ara\d
=035  7\$adarmaj015-3291-0053
=040  \\$aNNU$cNNU
=100  1\$aKidyah, al-Jalali
=245  10$aAntulujya al-hikayah al-sha'biyah al-Maghribiyah :
=260  \\$bMu'allif$c2014
=300  \\$a223 p.
=852  0\$aNNU$bBOBST$cMAIN$p31142056885877

