=LDR  00422nam  22001695i 4500
=001  004229983
=003  NNU
=005  00000000000000.0
=008  160126s2014\\\\mr\\\\\\\\\\\\000\0\ara\d
=035  7\$adarmaj015-3291-0057
=040  \\$aNNU$cNNU
=100  1\$aSalawi, Muhammad Adib
=245  10$aAwraq kharij al-aqwas: sirah I'lamiyah :
=260  \\$bMu'allif$c2014
=300  \\$a192 p.
=852  0\$aNNU$bBOBST$cMAIN$p31142056885414

