=LDR  00481nam  22001695i 4500
=001  004229989
=003  NNU
=005  00000000000000.0
=008  160126s2014\\\\mr\\\\\\\\\\\\000\0\ara\d
=035  7\$adarmaj015-3291-0063
=040  \\$aNNU$cNNU
=100  1\$aMishtat, Muhammad al-'Arabi
=245  10$aBadiyah al-Maghribiyah bayna ishkaliyat sultat al-ma'rifah wa-lu'bat sultat al-makhzan :
=260  \\$bSaliki Ikhwan$c2014
=300  \\$a194 p.
=852  0\$aNNU$bBOBST$cMAIN$p31142060002907

