=LDR  00444nam  22001695i 4500
=001  004230005
=003  NNU
=005  00000000000000.0
=008  160126s2015\\\\mr\\\\\\\\\\\\000\0\ara\d
=035  7\$adarmaj015-3291-0079
=040  \\$aNNU$cNNU
=100  1\$aWaskhini, Amhammad Ayat
=245  10$aTarikh qabilat Adaw Simlal min tarikh ma katabahu al-rijal :
=260  \\$bMu'allif$c2015
=300  \\$a624 p.
=852  0\$aNNU$bBOBST$cMAIN$p31142060000265

