=LDR  00481nam  22001695i 4500
=001  004230016
=003  NNU
=005  00000000000000.0
=008  160126s2015\\\\mr\\\\\\\\\\\\000\0\ara\d
=035  7\$adarmaj015-3291-0090
=040  \\$aNNU$cNNU
=100  1\$aTuwayras, Rahma
=245  10$aTa'rib al-dawlah wa al-mujtama' bi al-Maghrib al-Aqsa khilal al-'asr al-Muwahhidi :
=260  \\$bMu'assat al-Idrisi al-Fikriyah$c2015
=300  \\$a319 p.
=852  0\$aNNU$bBOBST$cMAIN$p31142060000570

