=LDR  00468nam  22001695i 4500
=001  004230021
=003  NNU
=005  00000000000000.0
=008  160126s2014\\\\mr\\\\\\\\\\\\000\0\ara\d
=035  7\$adarmaj015-3291-0095
=040  \\$aNNU$cNNU
=100  1\$aSurat, al-Hasan et al
=245  10$aTaqrir al-halah al-'ilmiyah al-Islamiyah bi al-Maghrib li-sanat 2013 :
=260  \\$bM. al-Maqasid lil-Dirast$c2014
=300  \\$a189 p.
=852  0\$aNNU$bBOBST$cMAIN$p31142060001644

