=LDR  00426nam  22001695i 4500
=001  004230024
=003  NNU
=005  00000000000000.0
=008  160126s2014\\\\mr\\\\\\\\\\\\000\0\ara\d
=035  7\$adarmaj015-3291-0098
=040  \\$aNNU$cNNU
=100  1\$aDarir, Yusuf ibn Musa
=245  10$aTanbih wa al-irshad fi 'ilm al-'I'tiqad :
=260  \\$bW. al-Awqaf$c2014
=300  \\$a288 p.
=852  0\$aNNU$bBOBST$cMAIN$p31142056885679

