=LDR  00432nam  22001695i 4500
=001  004230036
=003  NNU
=005  00000000000000.0
=008  160126s2015\\\\mr\\\\\\\\\\\\000\0\ara\d
=035  7\$adarmaj015-3291-0110
=040  \\$aNNU$cNNU
=100  1\$aNawazili, Idris
=245  10$aJarimat al-nasb al-ma'lumati qanunan, waqi'an wa-qada' :
=260  \\$bMu'allif$c2015
=300  \\$a254 p.
=852  0\$aNNU$bBOBST$cMAIN$p31142060000596

