=LDR  01810cam  22003615a 4500
=001  004230037
=003  NNU
=005  20160219121707.0
=008  150126s2014\\\\mr\\\\\\\\\\\\000\0\ara\d
=020  \\$a9789954343517
=020  \\$a9954343512
=035  7\$adarmaj015-3291-0111
=035  \\$a(OCoLC)904508243
=040  \\$aHVL$beng$erda$cHVL
=066  \\$c(3
=100  1\$6880-01$aDardārī, Aḥmad,$eauthor.
=245  13$6880-02$aal-Jamā'āt al-turābīyah bi-al-Maghrib bayna muqawimāt al-taswīq al-turābī wa-rihān al-tanmīyah al-maḥalīyah al-mundamajah /$ctaqdīm al-Duktur Aḥmad Dardārī.
=250  \\$6880-03$aal-Ṭabʻah al-ūlá.
=264  \1$6880-04$a[Morocco] :$bمطبعة الخليج العربي،$c2014.
=300  \\$a327 pages ;$c24 cm
=336  \\$atext$btxt$2rdacontent
=337  \\$aunmediated$bn$2rdamedia
=338  \\$avolume$bnc$2rdacarrier
=490  1\$6880-05$aSilsilat al-ḥakāmat al-turābīyah wa-dirāsat al-siyāsāt ;$val-ʻadad al-awwal
=880  1\$6100-01/$aدرداري، أحمد.
=880  12$6245-02/$aالجماعات الترابية بالمغرب بين مقومات التسويق الترابي ورهان التنمية المحلية المندمجة /$cتقديم الدكتور أحمد درداري.
=880  \\$6250-03/$aالطبعة الأولى.
=880  \1$6264-04/$a[Morocco] :$bMaṭbaʻat al-Khalīj al-ʻArabī,$c2014.
=880  1\$6490-05/$aسلسلة الحكامة الترابية ودراسة السياسات ؛$vالعدد الأول
=830  \0$6880-06$aSilsilat al-ḥakāmat al-turābīyah wa-dirāsat al-siyāsāt ;$val-ʻadad al-awwal.
=880  \0$6830-06/$aسلسلة الحكامة الترابية ودراسة السياسات ;$vالعدد الأول.
=852  0\$aNNU$bBOBST$cMAIN$p31142060002196

