=LDR  00430nam  22001695i 4500
=001  004230039
=003  NNU
=005  00000000000000.0
=008  160126s2015\\\\mr\\\\\\\\\\\\000\0\ara\d
=035  7\$adarmaj015-3291-0113
=040  \\$aNNU$cNNU
=100  1\$aBin Takrur, al-Ashyakh bin M.
=245  10$aJam' al-rafi' 'ala qatirat al-tasbi' :
=260  \\$bD. al-Aman$c2015
=300  \\$a349 p.
=852  0\$aNNU$bBOBST$cMAIN$p31142060000406

