=LDR  00464nam  22001695i 4500
=001  004230040
=003  NNU
=005  00000000000000.0
=008  160126s2014\\\\mr\\\\\\\\\\\\000\0\ara\d
=035  7\$adarmaj015-3291-0114
=040  \\$aNNU$cNNU
=100  1\$aNashat, Mustafa
=245  10$aJiniwah wa-bilad al-Maghrib min sanat 1212 ila 1358: musahamaf fi dirasat al-'alaqat.. :
=260  \\$bMu'allif$c2014
=300  \\$a303 p.
=852  0\$aNNU$bBOBST$cMAIN$p31142060000463

