=LDR  00451nam  22001695i 4500
=001  004230045
=003  NNU
=005  00000000000000.0
=008  160126s2015\\\\mr\\\\\\\\\\\\000\0\ara\d
=035  7\$adarmaj015-3291-0119
=040  \\$aNNU$cNNU
=100  1\$aAmin, Samir
=245  10$aHadathah wa al-ta'wilat al-diniyah; tarjamat Jamal al-Din Habib :
=260  \\$bM. al-Ufuq al-Dimuqrati$c2015
=300  \\$a80 p.
=852  0\$aNNU$bBOBST$cMAIN$p31142060002428

