=LDR  00478nam  22001695i 4500
=001  004230051
=003  NNU
=005  00000000000000.0
=008  160126s2014\\\\mr\\\\\\\\\\\\000\0\ara\d
=035  7\$adarmaj015-3291-0125
=040  \\$aNNU$cNNU
=100  1\$aFallus, 'Abd al-Mun'im
=245  10$aHuquq wa-hurriyat al-ajanib bi al-Maghri 'ala daw' al-qanun al-dakhili wa al-ittifaqiyat.. :
=260  \\$bD. al-Qalam$c2014
=300  \\$a195 p.
=852  0\$aNNU$bBOBST$cMAIN$p31142060000646

