=LDR  00466nam  22001695i 4500
=001  004230054
=003  NNU
=005  00000000000000.0
=008  160126s2015\\\\mr\\\\\\\\\\\\000\0\ara\d
=035  7\$adarmaj015-3291-0128
=040  \\$aNNU$cNNU
=100  1\$aHilali, Ahmad bin 'Abd al-'Aziz
=245  10$aHullah al-mufawwafah fi bayan istithna' al-kalimah al-musharrafah; tahqiq :
=260  \\$bMuhaqqiq$c2015
=300  \\$a95 p.
=852  0\$aNNU$bBOBST$cMAIN$p31142056885851

