=LDR  00470nam  22001695i 4500
=001  004230057
=003  NNU
=005  00000000000000.0
=008  160126s2012\\\\mr\\\\\\\\\\\\000\0\ara\d
=035  7\$adarmaj015-3291-0131
=040  \\$aNNU$cNNU
=100  1\$aDuhu, Muhammad
=245  10$aHiwar al-nusus bayna al-riwayah al-'Arabiyah wa\U+2026\ al-'Alamiyah, abhath :
=260  \\$bIttihad Kuttab al-Maghrib$c2012
=300  \\$a106 p.
=852  0\$aNNU$bBOBST$cMAIN$p31142056885885

