=LDR  01689nam  22003615i 4500
=001  004230058
=003  NNU
=005  20160225122243.0
=008  151117s2014\\\\mr\\\\\\\\\\\\000\0\ara\\
=010  \\$a2015351951
=020  \\$a9789954522561
=020  \\$a9954522565
=035  7\$adarmaj015-3291-0132
=035  \\$a(OCoLC)931529163
=037  \\$c15.00 MAD
=040  \\$aDLC$beng$erda$cDLC
=042  \\$alcode$apcc
=066  \\$c(3
=100  1\$6880-01$aBinbarāhīm, Aḥmad bin Muḥammad,$eauthor.
=245  10$6880-02$aWajh ākhar min al-kifāḥ al-waṭanī bi-al-Maghrib wa-bi-al-mahjar :$bḥiwār, sīrah /$cAḥmad ibn Muḥammad Binbarāhīm ; ajrá al-ḥiwār wa-aʻaddahu Muḥammad Zād
=250  \\$6880-03$aal-Ṭabʻah al-ūlá.
=264  \1$6880-04$a[Morocco] :$bالمندوبية السامية لقدماء المقاومين وأعضاء جيش التحرير،$c[2014]
=300  \\$a80 pages ;$c20 cm
=336  \\$atext$btxt$2rdacontent
=337  \\$aunmediated$bn$2rdamedia
=338  \\$avolume$bnc$2rdacarrier
=520  \\$aBinbarāhīm, Aḥmad bin Muḥammad; politicians; Morocco; politics and government; history; interviews
=880  1\$6100-01/$aبنبراهيم، أحمد بن محمد.
=880  10$6245-02/$aوجة آخر من الكفاح الوطني بالمغرب وبالمهجر :$bحوار، سيرة /$cأحمد بن محمد بنبراهيم ؛ اجرى الحوار وأعده محمد زاد
=880  \\$6250-03/$aالطبعة الأولى.
=880  \1$6264-04/$a[Morocco] :$bal-Mandūbīyah al-Sāmiyah li-Qudamāʼ al-Muqāwimīn wa-Aʻḍāʼ Jaysh al-Taḥrīr,$c[2014]
=852  0\$aNNU$bBOBST$cMAIN$p31142060002717

