=LDR  00460nam  22001695i 4500
=001  004230061
=003  NNU
=005  00000000000000.0
=008  160126s2014\\\\mr\\\\\\\\\\\\000\0\ara\d
=035  7\$adarmaj015-3291-0135
=040  \\$aNNU$cNNU
=100  1\$aMahfuzi, Muhammad
=245  10$aKhabaya 24 sanah li-asir fi jahim Tanduf: khabaya wa-asrar murtaziqat al-Jaza'ir :
=260  \\$bMu'allif$c2014
=300  \\$a335 p.
=852  0\$aNNU$bBOBST$cMAIN$p31142060002501


