=LDR  01369nam  22003615i 4500
=001  004230062
=003  NNU
=005  20160216104600.0
=008  151028s2015\\\\mr\\\\\\\\\\\\000\0\ara\\
=010  \\$a2015351458
=020  \\$a9789954953624
=020  \\$a9954953620
=035  7\$adarmaj015-3291-0136
=035  \\$a(OCoLC)931476887
=037  \\$c80.00 MAD
=040  \\$aDLC$beng$erda$cDLC
=042  \\$alcode$apcc
=066  \\$c(3
=100  1\$6880-01$aBallāj, Muḥammad,$eauthor.
=245  10$6880-02$aKhidmat al-wasāṭah wa-al-irshād al-usarī bi-al-Maghrib /$cD. Muḥammad Ballāj.
=250  \\$6880-03$aal-Ṭabʻah al-ūlá.
=264  \1$6880-04$aالدار البيضاء :$bمركز الدراسات الأسرية والبحث في القيم والقانون،$c2015.
=300  \\$a492 pages ;$c21 cm
=336  \\$atext$btxt$2rdacontent
=337  \\$aunmediated$bn$2rdamedia
=338  \\$avolume$bnc$2rdacarrier
=500  \\$aFamilies; Morocco.
=880  1\$6100-01/$aبلاج، محمد.
=880  10$6245-02/$aخدمة الوساطة والإرشاد الأسري بالمغرب /$cد. محمد بلاج.
=880  \\$6250-03/$aالطبعة الأولى.
=880  \1$6264-04/$aal-Dār al-Bayḍāʼ :$bMarkaz al-Dirāsāt al-Usarīyah wa-al-Baḥth fī al-Qiyam wa-al-Qānūn,$c2015.
=852  0\$aNNU$bBOBST$cMAIN$p31142060001537

