=LDR  00452nam  22001695i 4500
=001  004230064
=003  NNU
=005  00000000000000.0
=008  160126s2014\\\\mr\\\\\\\\\\\\000\0\ara\d
=035  7\$adarmaj015-3291-0138
=040  \\$aNNU$cNNU
=100  1\$aKaddu, Fatimah
=245  10$aKhitab al-nisa'I wa-lughat al-ikhtilaf: muqarabah lil-ansaq al-thaqafiyah :
=260  \\$bD. al-Aman$c2014
=300  \\$a253 p.
=852  0\$aNNU$bBOBST$cMAIN$p31142060002550

