=LDR  00526nam  22001815i 4500
=001  004230073
=003  NNU
=005  00000000000000.0
=008  160126s2014\\\\mr\\\\\\\\\\\\000\0\ara\d
=035  7\$adarmaj015-3291-0147
=040  \\$aNNU$cNNU
=100  1\$aKhalifati, Muhammad b. 'Abd Allah
=245  10$aDurrah al-jalilah fi manaqib al-Khalifah; dirasah wa-tahqiq :
=260  \\$bW. al-Awqaf$c2014
=300  \\$a2 v. in 2
=852  0\$aNNU$bBOBST$cMAIN$p31142056884953$3v.1
=852  0\$aNNU$bBOBST$cMAIN$p31142056884961$3v.2

