=LDR  00543nam  22001815i 4500
=001  004230074
=003  NNU
=005  00000000000000.0
=008  160126s2014\\\\mr\\\\\\\\\\\\000\0\ara\d
=035  7\$adarmaj015-3291-0148
=040  \\$aNNU$cNNU
=100  1\$aDar'I, Muhammad al-Makki
=245  10$aDurar al-murassa'ah bi-akhbar a'yan Dar'ah; tahqiq Muhammad al-Habib Nuhi :
=260  \\$bMu'assasah al-nasiriyah$c2014
=300  \\$a2 v. in 2
=852  0\$aNNU$bBOBST$cMAIN$p31142056885786$3v.1
=852  0\$aNNU$bBOBST$cMAIN$p31142056885794$3v.2

