=LDR  00455nam  22001695i 4500
=001  004230078
=003  NNU
=005  00000000000000.0
=008  160126s2014\\\\mr\\\\\\\\\\\\000\0\ara\d
=035  7\$adarmaj015-3291-0152
=040  \\$aNNU$cNNU
=100  1\$aYaqtin, Sa'id
=245  10$aDimuqratiyah fi qa'at al-intizar: ikrahat al-tahawwul al-ijtima'I al-maghrib :
=260  \\$bM. al-Zaman$c2014
=300  \\$a159 p.
=852  0\$aNNU$bBOBST$cMAIN$p31142060001453

