=LDR  00449nam  22001695i 4500
=001  004230082
=003  NNU
=005  00000000000000.0
=008  160126s2015\\\\mr\\\\\\\\\\\\000\0\ara\d
=035  7\$adarmaj015-3291-0156
=040  \\$aNNU$cNNU
=100  1\$aMa'na, Muhammad al-Sanusi
=245  10$aDhakirat al-I'tiqal: sirat sujun wa-sujana' :
=260  \\$bD. al-Nashr al-Maghribiyah$c2015
=300  \\$a270 p.
=852  0\$aNNU$bBOBST$cMAIN$p31142059999998

