=LDR  01771cam  22004215i 4500
=001  004230084
=003  NNU
=005  20160219124918.0
=008  150109s2013\\\\mr\a\\\\\b\\\\000\0\ara\\
=010  \\$a2014336598
=020  \\$a9789954911983
=020  \\$a9954911987
=035  7\$adarmaj015-3291-0158
=035  \\$a(OCoLC)919001350
=040  \\$aDLC$beng$erda$cDLC$dOCLCO
=041  0\$aara$afre
=042  \\$alcode$apcc
=066  \\$c(3
=100  1\$6880-01$aWakīlī, Ḥātim Aḥmad,$d1949-
=245  10$6880-02$aDhākirat fannān :$bmasār ḥayāt Mawlāy Aḥmad al-Wakīlī, 1908-1988 /$cjamʻ wa-tawthīq Ḥātim Aḥmad al-Wakīlī.
=246  30$6880-03$aMasār ḥayāt Mawlāy Aḥmad al-Wakīlī, 1908-1988
=250  \\$6880-04$aal-Ṭabʻah al-ūlá.
=264  \1$6880-05$aالرباط :$bصندوق الإيداع والتدبير،$c2013.
=300  \\$a188 pages :$billustrations ;$c24 cm
=336  \\$atext$btxt$2rdacontent
=337  \\$aunmediated$bn$2rdamedia
=338  \\$avolume$bnc$2rdacarrier
=546  \\$aIn Arabic, with some text in French.
=504  \\$aIncludes bibliographical references.
=520  \\$aWakīlī, Aḥmad, 1908-1988; music; Morocco; criticism and interpretation; biography.
=600  10$aWakīlī, Aḥmad,$d1908-1988.
=880  1\$6100-01/$aوكيلي، حاتم أحمد.
=880  10$6245-02/$aذاكرة فنان :$bمسار حياة مولاي أحمد الوكيلي، 1908-1988 /$cجمع وتوثيق حاتم أحمد الوكيلي.
=880  30$6246-03/$aمسار حياة مولاي أحمد الوكيلي
=880  \\$6250-04/$aالطبعة الأولي.
=880  \1$6264-05/$aal-Rabāṭ :$bṢundūq al-Īdāʻ wa-al-Tadbīr,$c2013.
=852  0\$aNNU$bBOBST$cMAIN$p31142056885570

