=LDR  00407nam  22001695i 4500
=001  004230089
=003  NNU
=005  00000000000000.0
=008  160126s2014\\\\mr\\\\\\\\\\\\000\0\ara\d
=035  7\$adarmaj015-3291-0163
=040  \\$aNNU$cNNU
=100  1\$aBinsulayman, Jamal
=245  10$aRijal shawamikh 'araftuhum :
=260  \\$bMu'allif$c2014
=300  \\$a173 p.
=852  0\$aNNU$bBOBST$cMAIN$p31142056884870

