=LDR  00432nam  22001695i 4500
=001  004230092
=003  NNU
=005  00000000000000.0
=008  160126s2015\\\\mr\\\\\\\\\\\\000\0\ara\d
=035  7\$adarmaj015-3291-0166
=040  \\$aNNU$cNNU
=100  1\$aDhakir, 'Abd al-Nabi
=245  10$aRahhalah al-'Arab wa-dahshat iktishaf al-Gharb :
=260  \\$bM. al-Zaman$c2015
=300  \\$a223 p.
=852  0\$aNNU$bBOBST$cMAIN$p31142056884888

