=LDR  00442nam  22001695i 4500
=001  004230094
=003  NNU
=005  00000000000000.0
=008  160126s2014\\\\mr\\\\\\\\\\\\000\0\ara\d
=035  7\$adarmaj015-3291-0168
=040  \\$aNNU$cNNU
=100  1\$aDawud, Hasna' Muhammad
=245  10$aRihlah al-Sharqiyah lil-Ustadh Muhammad Dawud, 1935 :
=260  \\$bDar Abi Raqraq$c2014
=300  \\$a285 p.
=852  0\$aNNU$bBOBST$cMAIN$p31142060000786

