=LDR  00432nam  22001695i 4500
=001  004230097
=003  NNU
=005  00000000000000.0
=008  160126s2014\\\\mr\\\\\\\\\\\\000\0\ara\d
=035  7\$adarmaj015-3291-0171
=040  \\$aNNU$cNNU
=100  1\$aMadini, Ahmad
=245  10$aRihlah ila bilad Allah, yaliha al-Rihlah ila Ram Allah :
=260  \\$bD. al-Aman$c2014
=300  \\$a245 p.
=852  0\$aNNU$bBOBST$cMAIN$p31142056885257

