=LDR  00444nam  22001695i 4500
=001  004230099
=003  NNU
=005  00000000000000.0
=008  160126s2014\\\\mr\\\\\\\\\\\\000\0\ara\d
=035  7\$adarmaj015-3291-0173
=040  \\$aNNU$cNNU
=100  1\$aQadiri, 'Abd al-Hayy
=245  10$aRisalat jalalat al-majd al-talid fi al-qiran al-khalifi al-sa'id :
=260  \\$bAsmir$c2014
=300  \\$a175 p.
=852  0\$aNNU$bBOBST$cMAIN$p31142060002436

