=LDR  00459nam  22001695i 4500
=001  004230101
=003  NNU
=005  00000000000000.0
=008  160126s2014\\\\mr\\\\\\\\\\\\000\0\ara\d
=035  7\$adarmaj015-3291-0175
=040  \\$aNNU$cNNU
=100  1\$aAzzawi, Ahmad
=245  10$aRasa'il diwaniyah Maghribiyah min al-fath al-Islami ila nihayat al-Qarn al-rabi' H. :
=260  \\$bMu'allif$c2014
=300  \\$a216 p.
=852  0\$aNNU$bBOBST$cMAIN$p31142056885190

