=LDR  00662nam  22002055i 4500
=001  004230103
=003  NNU
=005  00000000000000.0
=008  160126s2014\\\\mr\\\\\\\\\\\\000\0\ara\d
=035  7\$adarmaj015-3291-0177
=040  \\$aNNU$cNNU
=100  1\$aSikarij, Ahmad bin al-'Ayyashi
=245  10$aRaf' al-niqab ba'da kashf al-hijab 'amman talaqa ma'a al-Shaykh al-Tijjani min al-ashab :
=260  \\$bMuhaqqiq$c2014
=300  \\$a4 v. in 4
=852  0\$aNNU$bBOBST$cMAIN$p31142060002063$3v.1
=852  0\$aNNU$bBOBST$cMAIN$p31142060002071$3v.2
=852  0\$aNNU$bBOBST$cMAIN$p31142060002089$3v.3
=852  0\$aNNU$bBOBST$cMAIN$p31142060002097$3v.4

