=LDR  00428nam  22001695i 4500
=001  004230104
=003  NNU
=005  20160225135720.0
=008  160126s2015\\\\mr\\\\\\\\\\\\000\0\ara\d
=035  7\$adarmaj015-3291-0178
=040  \\$aNNU$cNNU
=100  1\$aIdrisi, Abu Zayd al-Muqri'
=245  10$aRahanat al-khitab al-'I'lami :
=260  \\$bMu'assast al-Idrisi$c2015
=300  \\$a156 p.
=852  0\$aNNU$bBOBST$cMAIN$p31142056886214

