=LDR  00436nam  22001695i 4500
=001  004230108
=003  NNU
=005  00000000000000.0
=008  160126s2014\\\\mr\\\\\\\\\\\\000\0\ara\d
=035  7\$adarmaj015-3291-0182
=040  \\$aNNU$cNNU
=100  1\$aJaʻfar, Saʻīd.
=245  10$aZawiyah wa al-hizb bi al-Maghrib: usul al-istibdad al-siyasi :
=260  \\$bFikr$c2014
=300  \\$a348 p.
=852  0\$aNNU$bBOBST$cMAIN$p31142060000810

