=LDR  00442nam  22001695i 4500
=001  004230109
=003  NNU
=005  00000000000000.0
=008  160126s2014\\\\mr\\\\\\\\\\\\000\0\ara\d
=035  7\$adarmaj015-3291-0183
=040  \\$aNNU$cNNU
=100  1\$aBahir, Sa'id
=245  10$aZa'im al-siyasi wa al-tatawwur al-dimuqrati fi al-Maghrib al-hadith :
=260  \\$bMu'allif$c2014
=300  \\$a142 p.
=852  0\$aNNU$bBOBST$cMAIN$p31142059999972

