=LDR  00453nam  22001695i 4500
=001  004230111
=003  NNU
=005  00000000000000.0
=008  160126s2014\\\\mr\\\\\\\\\\\\000\0\ara\d
=035  7\$adarmaj015-3291-0185
=040  \\$aNNU$cNNU
=100  1\$aDahman, Muhammad
=245  10$aSaqiyah al-hamra' wa-Wadi al-dhahab fi al-kitabat al-Isbaniyah, 1885-1933 :
=260  \\$bTop Press$c2014
=300  \\$a172 p.
=852  0\$aNNU$bBOBST$cMAIN$p31142060002733

