=LDR  00473nam  22001695i 4500
=001  004230114
=003  NNU
=005  00000000000000.0
=008  160126s2013\\\\mr\\\\\\\\\\\\000\0\ara\d
=035  7\$adarmaj015-3291-0188
=040  \\$aNNU$cNNU
=100  1\$aBirhab, 'Ukashah
=245  10$aSa'idiyah: sa'idah sahil al-Mutawassit; dirasah \U+2026\= Saidia l'heureuse de la cote.. :
=260  \\$bK. al-Adab$c2013
=300  \\$a142, 50 p.
=852  0\$aNNU$bBOBST$cMAIN$p31142060002535

