=LDR  00482nam  22001695i 4500
=001  004230128
=003  NNU
=005  00000000000000.0
=008  160126s2014\\\\mr\\\\\\\\\\\\000\0\ara\d
=035  7\$adarmaj015-3291-0202
=040  \\$aNNU$cNNU
=100  1\$aSanusi, Ibrahim ibn Idris
=245  10$aSayf al-nasr bi al-sadah al-kiram ahl Badr; tahqiq 'Abd al-Latif al-Samlali :
=260  \\$bRabitah al-Muhammadiyah$c2014
=300  \\$a222 p. HC.
=852  0\$aNNU$bBOBST$cMAIN$p31142056884797

