=LDR  00470nam  22001695i 4500
=001  004230131
=003  NNU
=005  00000000000000.0
=008  160126s2014\\\\mr\\\\\\\\\\\\000\0\ara\d
=035  7\$adarmaj015-3291-0205
=040  \\$aNNU$cNNU
=100  1\$aRushdi, 'Abd Allah
=245  10$aShahid al-shi'ri wa-as'ilat al-balaghah wa al-talaqqi fi Talkhis al-Miftah wa-shuruhih... :
=260  \\$bMu'allif$c2014
=300  \\$a255 p.
=852  0\$aNNU$bBOBST$cMAIN$p31142056885604

