=LDR  00434nam  22001695i 4500
=001  004230134
=003  NNU
=005  00000000000000.0
=008  160126s2014\\\\mr\\\\\\\\\\\\000\0\ara\d
=035  7\$adarmaj015-3291-0208
=040  \\$aNNU$cNNU
=100  1\$aDufali, Mawlay al-Mustafa
=245  10$aShi'r al-sha'bi bi-Dar'ah: dirasah :
=260  \\$bManshurat al-Qasabah$c2014
=300  \\$a186 p.
=852  0\$aNNU$bBOBST$cMAIN$p31142056885620

