=LDR  00402nam  22001695i 4500
=001  004230138
=003  NNU
=005  00000000000000.0
=008  160126s2014\\\\mr\\\\\\\\\\\\000\0\ara\d
=035  7\$adarmaj015-3291-0212
=040  \\$aNNU$cNNU
=100  1\$aGhani, Ahmad
=245  10$aShaykh fi al-turath al-sufi :
=260  \\$bMu'allif$c2014
=300  \\$a390 p.
=852  0\$aNNU$bBOBST$cMAIN$p31142060002279

