=LDR  00441nam  22001695i 4500
=001  004230143
=003  NNU
=005  00000000000000.0
=008  160126s2014\\\\mr\\\\\\\\\\\\000\0\ara\d
=035  7\$adarmaj015-3291-0217
=040  \\$aNNU$cNNU
=100  1\$aSarfati, Ibraham
=245  10$aSira'at al-tabaqiyah fi al-Maghrib mundhu al-istiqlal :
=260  \\$bUfuq al-Dimuqrati$c2014
=300  \\$a194 p.
=852  0\$aNNU$bBOBST$cMAIN$p31142060002162

