=LDR  00416nam  22001695i 4500
=001  004230147
=003  NNU
=005  00000000000000.0
=008  160126s2014\\\\mr\\\\\\\\\\\\000\0\ara\d
=035  7\$adarmaj015-3291-0221
=040  \\$aNNU$cNNU
=100  1\$aDhakir, 'Abd al-Nabi
=245  10$aSurah\U+2026\ al-ana, al-akhar :
=260  \\$bM. al-Zaman$c2014
=300  \\$a158 p.
=852  0\$aNNU$bBOBST$cMAIN$p31142056886206

