=LDR  00438nam  22001695i 4500
=001  004230158
=003  NNU
=005  00000000000000.0
=008  160126s2014\\\\mr\\\\\\\\\\\\000\0\ara\d
=035  7\$adarmaj015-3291-0232
=040  \\$aNNU$cNNU
=100  1\$aTa'I', Muhammad
=245  10$aAbd al-Rahman al-Yusufi wa al-tanawub al-dimuqrati al-mujhad :
=260  \\$bMu'allif$c2014
=300  \\$a336 p.
=852  0\$aNNU$bBOBST$cMAIN$p31142060002527

