=LDR  00420nam  22001695i 4500
=001  004230159
=003  NNU
=005  00000000000000.0
=008  160126s2015\\\\mr\\\\\\\\\\\\000\0\ara\d
=035  7\$adarmaj015-3291-0233
=040  \\$aNNU$cNNU
=100  1\$aLajnat jam' turath 'A. Baha
=245  10$aAbd Allah Baha: sirah wa-masirah :
=260  \\$bLajnah$c2015
=300  \\$a283 p.
=852  0\$aNNU$bBOBST$cMAIN$p31142060001180

