=LDR  00464nam  22001695i 4500
=001  004230167
=003  NNU
=005  00000000000000.0
=008  160126s2014\\\\mr\\\\\\\\\\\\000\0\ara\d
=035  7\$adarmaj015-3291-0241
=040  \\$aNNU$cNNU
=100  1\$aIbn Hadiyah al-Qurashi, Abu 'A.
=245  10$aAlq al-nafis fi sharh Risalat Ibn Khamis; tahqiq Muhammad 'Allal Sinasir :
=260  \\$bTubqal$c2014
=300  \\$a174 p.
=852  0\$aNNU$bBOBST$cMAIN$p31142056884987

