=LDR  00389nam  22001695i 4500
=001  004230168
=003  NNU
=005  00000000000000.0
=008  160126s2014\\\\mr\\\\\\\\\\\\000\0\ara\d
=035  7\$adarmaj015-3291-0242
=040  \\$aNNU$cNNU
=100  1\$aNaqquri, Idris
=245  10$aIlm al-asma' :
=260  \\$bMu'allif$c2014
=300  \\$a151 p.
=852  0\$aNNU$bBOBST$cMAIN$p31142056885547

