=LDR  00416nam  22001695i 4500
=001  004230169
=003  NNU
=005  00000000000000.0
=008  160126s2014\\\\mr\\\\\\\\\\\\000\0\ara\d
=035  7\$adarmaj015-3291-0243
=040  \\$aNNU$cNNU
=100  1\$aGhumari, 'Abd Allah 'A.
=245  10$aUlama' wa-sulaha' adraktuhum :
=260  \\$bD. al-Aman$c2014
=300  \\$a213 p.
=852  0\$aNNU$bBOBST$cMAIN$p31142060002360

