=LDR  00480nam  22001695i 4500
=001  004230173
=003  NNU
=005  00000000000000.0
=008  160126s2015\\\\mr\\\\\\\\\\\\000\0\ara\d
=035  7\$adarmaj015-3291-0247
=040  \\$aNNU$cNNU
=100  1\$aShanfar, 'Abd Allah
=245  10$aFa'ilun al-mahalliyunm wa al-siyasat al-'umumiyah al-mahalliyah: dirasah fi al-qarar.. :
=260  \\$bMatbu'at al-Ma'rifah$c2015
=300  \\$a275 p.
=852  0\$aNNU$bBOBST$cMAIN$p31142060000737

