=LDR  00426nam  22001695i 4500
=001  004230174
=003  NNU
=005  00000000000000.0
=008  160126s2014\\\\mr\\\\\\\\\\\\000\0\ara\d
=035  7\$adarmaj015-3291-0248
=040  \\$aNNU$cNNU
=100  1\$aAmili, Hasan
=245  10$aFidalah khilal 'ahd al-Himayah bi-'uyun mu'asirah :
=260  \\$bK. al-Adab$c2014
=300  \\$a103 p.
=852  0\$aNNU$bBOBST$cMAIN$p31142060000588

