=LDR  00487nam  22001695i 4500
=001  004230175
=003  NNU
=005  00000000000000.0
=008  160126s2014\\\\mr\\\\\\\\\\\\000\0\ara\d
=035  7\$adarmaj015-3291-0249
=040  \\$aNNU$cNNU
=100  1\$aWahabi, 'Abd al-Latif
=245  10$aFasl fi lisaniyat al-tarikhiyah: al-usul al-'Arabiyah al-fasihah li-lahjat qaba'il Jibalah\U+2026\ :
=260  \\$bSiliki Ikhwan$c2014
=300  \\$a393 p.
=852  0\$aNNU$bBOBST$cMAIN$p31142056885356

