=LDR  00436nam  22001695i 4500
=001  004230176
=003  NNU
=005  00000000000000.0
=008  160126s2014\\\\mr\\\\\\\\\\\\000\0\ara\d
=035  7\$adarmaj015-3291-0250
=040  \\$aNNU$cNNU
=100  1\$aAshkut, Barik bin Ahmad
=245  10$aFiqh al-khutbah fi al-fiqh al-Maliki wa-maqasiduha :
=260  \\$bMu'allif$c2014
=300  \\$a100 p.
=852  0\$aNNU$bBOBST$cMAIN$p31142060001230

