=LDR  00443nam  22001695i 4500
=001  004230179
=003  NNU
=005  00000000000000.0
=008  160126s2015\\\\mr\\\\\\\\\\\\000\0\ara\d
=035  7\$adarmaj015-3291-0253
=040  \\$aNNU$cNNU
=100  1\$aBushabakah, 'Abd al-Majid
=245  10$aFalsafah jadidah li-fahm al-Qur'an al-karim :
=260  \\$bM. 'Alam al-Tarbiyah$c2015
=300  \\$a167 p.
=852  0\$aNNU$bBOBST$cMAIN$p31142060001545

