=LDR  00470nam  22001695i 4500
=001  004230186
=003  NNU
=005  00000000000000.0
=008  160126s2014\\\\mr\\\\\\\\\\\\000\0\ara\d
=035  7\$adarmaj015-3291-0260
=040  \\$aNNU$cNNU
=100  1\$aBudir', 'Abd al-Rahman
=245  10$aFi tahlil al-khitab al-ijtima'I al-siyasi: qadaya wa-namadhij min al-waqi' al-mu'asir :
=260  \\$bMu'allif$c2014
=300  \\$a337 p.
=852  0\$aNNU$bBOBST$cMAIN$p31142056885307

