=LDR  00425nam  22001695i 4500
=001  004230198
=003  NNU
=005  00000000000000.0
=008  160126s2014\\\\mr\\\\\\\\\\\\000\0\ara\d
=035  7\$adarmaj015-3291-0272
=040  \\$aNNU$cNNU
=100  1\$aBizhar, 'Umar
=245  10$aQadaya fikriyah wa-zawahir ibda'iyah bi-jihat Sus :
=260  \\$bMu'allif$c2014
=300  \\$a289 p.
=852  0\$aNNU$bBOBST$cMAIN$p31142056885950

