=LDR  01121nam  22003135a 4500
=001  004230199
=003  NNU
=005  20160223090302.0
=008  150402s2014\\\\mr\\\\\\\\\\\\000\0\ara\d
=020  \\$a9789954642160
=020  \\$a9954642161
=035  7\$adarmaj015-3291-0273
=035  \\$a(OCoLC)906281370
=040  \\$aHVL$beng$erda$cHVL
=066  \\$c(3
=100  1\$6880-01$aMubārakah, Duniyā,$eauthor.
=245  13$6880-02$aal-Qawāʻid al-ijrāʼīyah fī mudawwanat al-awqāf /$ctaqdīm: D. Duniyā Mubārakah.
=250  \\$6880-03$aṬabʻah 2015.
=264  \1$6880-04$aالرباط :$bدر نشر المعرفة،$c2014.
=300  \\$a398 pages ;$c24 cm
=336  \\$atext$btxt$2rdacontent
=337  \\$aunmediated$bn$2rdamedia
=338  \\$avolume$bnc$2rdacarrier
=880  1\$6100-01/$aمباركة، دنيا.
=880  12$6245-02/$aالقواعد الإجرائية في مدونة الأوقاف /$cتقديم: د. دنيا مباركة.
=880  \\$6250-03/$aطبعة 2015.
=880  \1$6264-04/$aal-Rabāṭ :$bDar Nashr al-Maʻarifah,$c2014.
=852  0\$aNNU$bBOBST$cMAIN$p31142060002378

