=LDR  01629cam  22003375a 4500
=001  004230200
=003  NNU
=005  20160208113219.0
=008  150119s2013\\\\ua\\\\\\\b\\\\001\0\ara\d
=020  \\$a9789954281703
=020  \\$a9954281703
=035  7\$adarmaj015-3291-0274
=035  \\$a(OCoLC)900999888
=040  \\$aLEILA$beng$cLEILA$dOCLCO$dOCLCQ
=066  \\$c(3
=100  1\$6880-01$aRasmūkī, ʻAlī ibn Aḥmad ibn Muḥammad,$d-1639.
=245  10$6880-02$aKitāb al-kalimat al-ʻishrīnīyah wa-masūghāt al-ibtidāʼ bi-al-nakirah /$ctaʼlīf Abū al-Ḥasan ʻAlī ibn Aḥmad al-Rasmūkī ; taqdīm wa-taḥqīq Nūr al-Dīn Rāyiṣ.
=260  \\$6880-03$a[Rabat?] :$bal-Maʻhad al-Malkī lil-Thaqāfah al-Amāzīghīyah,$c2013.
=300  \\$a104 pages ;$c24 cm.
=336  \\$atext$btxt$2rdacontent
=337  \\$aunmediated$bn$2rdamedia
=338  \\$avolume$bnc$2rdacarrier
=490  0\$6880-04$aSilsalat Abḥāth wa-dirāsat ;$vraqm 45
=504  \\$aIncludes bibliographical references (pages 100-101) and indexes.
=700  1\$aRāyiṣ, Nūr al-Dīn.
=880  1\$6100-01/$aرسموكي، علي بن أحمد بن محمد.
=880  10$6245-02/$aكتاب الكلمات العشرينية ومسوغات الابتداء بالنكرة /$cتأليف أبو الحسن علي بن أحمد الرسموكي ؛ تقديم وتحقيق نور الدين رايص.
=880  \\$6260-03/$a[Rabat?] :$bالمعهد الملكي للثقافة الأمازيغية،$c2013.
=880  0\$6490-04/$aسلسلة أبحاث ودراسات ؛$vرقم ٤٥
=852  0\$aNNU$bBOBST$cMAIN$p31142056884904

