=LDR  00454nam  22001695i 4500
=001  004230202
=003  NNU
=005  00000000000000.0
=008  160126s2015\\\\mr\\\\\\\\\\\\000\0\ara\d
=035  7\$adarmaj015-3291-0276
=040  \\$aNNU$cNNU
=100  1\$aSharif, Muhammad et al
=245  10$aKurrasat Andalusiyah= Cuadernos Andalusies :
=260  \\$bMarkaz al-Dirasat al-Andalusiyah$c2015
=300  \\$a94. 81 p.
=852  0\$aNNU$bBOBST$cMAIN$p31142060002485

