=LDR  00472nam  22001695i 4500
=001  004230214
=003  NNU
=005  00000000000000.0
=008  160126s2014\\\\mr\\\\\\\\\\\\000\0\ara\d
=035  7\$adarmaj015-3291-0288
=040  \\$aNNU$cNNU
=100  1\$aJassus, 'Izz al-Din
=245  10$aMujtama' al-siyasi wa-nasaq tadawul al-sultah bi al-maghrib: al-dawlah al-murabitiyah.. :
=260  \\$bM. al-Zaman$c2014
=300  \\$a156 p.
=852  0\$aNNU$bBOBST$cMAIN$p31142060002865

