=LDR  00460nam  22001695i 4500
=001  004230215
=003  NNU
=005  00000000000000.0
=008  160126s2013\\\\mr\\\\\\\\\\\\000\0\ara\d
=035  7\$adarmaj015-3291-0289
=040  \\$aNNU$cNNU
=100  1\$aLumah, Muhammad
=245  10$aMuhammad bin al-Husayn: malamih min hayatih wa-nazarat fi shi'rih :
=260  \\$bM. Jam'iyat Ribat al-Fath$c2013
=300  \\$a199 p.
=852  0\$aNNU$bBOBST$cMAIN$p31142056885935

