=LDR  00427nam  22001695i 4500
=001  004230220
=003  NNU
=005  00000000000000.0
=008  160126s2015\\\\mr\\\\\\\\\\\\000\0\ara\d
=035  7\$adarmaj015-3291-0294
=040  \\$aNNU$cNNU
=100  1\$aSharaymi, Muhammad
=245  10$aMudun al-Sahrawiyah: al-nash'ah wa al-tatawwur :
=260  \\$bMu'allif$c2015
=300  \\$a183 p.
=852  0\$aNNU$bBOBST$cMAIN$p31142060002410

