=LDR  00907cam  22003137i 4500
=001  004230221
=003  NNU
=005  20160223115206.0
=008  150117s2014\\\\mr\\\\\\\\\\\\000\0\fre\\
=010  \\$a2014336446
=020  \\$a9789954511701
=020  \\$a9954511709
=035  7\$adarmaj015-3291-0295
=035  \\$a(OCoLC)900568161
=037  \\$c75.00 MAD
=040  \\$aDLC$beng$erda$cDLC
=042  \\$alcode
=100  1\$aMountassir, Abdelouahed.
=245  10$aVilles-périphéries :$bjournal à bord du train /$cAbdelouahed Mountassir, Mehdi Akhrif.
=250  \\$apremière édition.
=264  \1$aCasablanca :$bLes editions toubkal,$c2014.
=300  \\$a74, 70 pages ;$c23 cm.
=336  \\$atext$btxt$2rdacontent
=337  \\$aunmediated$bn$2rdamedia
=338  \\$avolume$bnc$2rdacarrier
=490  0\$aRepères
=700  1\$aAkhrīf, al-Mahdī.
=852  0\$aNNU$bBOBST$cMAIN$p31142056885919

