=LDR  00477nam  22001695i 4500
=001  004230223
=003  NNU
=005  00000000000000.0
=008  160126s2015\\\\mr\\\\\\\\\\\\000\0\ara\d
=035  7\$adarmaj015-3291-0297
=040  \\$aNNU$cNNU
=100  1\$aMus, al-Husayn
=245  10$aMudawwanat al-usrah fi daw' taqyid al-mubah: al-ahaliyah, al-ta'addud, al-talaq :
=260  \\$bMarkaz al-Dirasat al-Usariyah$c2015
=300  \\$a238 p.
=852  0\$aNNU$bBOBST$cMAIN$p31142060002493

