=LDR  00424nam  22001695i 4500
=001  004230224
=003  NNU
=005  00000000000000.0
=008  160126s2015\\\\mr\\\\\\\\\\\\000\0\ara\d
=035  7\$adarmaj015-3291-0298
=040  \\$aNNU$cNNU
=100  1\$aTalidi, Bilal
=245  10$aMuraja'at al-harakah al-Islamiyah al-Maghribiyah :
=260  \\$bMu'allif$c2015
=300  \\$a137 p.
=852  0\$aNNU$bBOBST$cMAIN$p31142060002790

