=LDR  00473nam  22001695i 4500
=001  004230225
=003  NNU
=005  00000000000000.0
=008  160126s2014\\\\mr\\\\\\\\\\\\000\0\ara\d
=035  7\$adarmaj015-3291-0299
=040  \\$aNNU$cNNU
=100  1\$aBu'asab, Ambarak
=245  10$aMurasalat wa al-watha'iq al-sultaniyah khilal al-'asr al-'Alawi: musahamah fi dirasat al-khatt :
=260  \\$bMu'allif$c2014
=300  \\$a207 p.
=852  0\$aNNU$bBOBST$cMAIN$p31142056885893

