=LDR  00456nam  22001695i 4500
=001  004230233
=003  NNU
=005  00000000000000.0
=008  160126s2014\\\\mr\\\\\\\\\\\\000\0\ara\d
=035  7\$adarmaj015-3291-0307
=040  \\$aNNU$cNNU
=100  1\$aMarzuqi, 'Abd al-Majid
=245  10$aMaskut 'anhu: fi al-dalalat wa al-mafahim, dirasah usuliyah mustalahiyah :
=260  \\$bMu'allif$c2014
=300  \\$a94 p.
=852  0\$aNNU$bBOBST$cMAIN$p31142056885737

