=LDR  00475nam  22001695i 4500
=001  004230238
=003  NNU
=005  00000000000000.0
=008  160126s2015\\\\mr\\\\\\\\\\\\000\0\ara\d
=035  7\$adarmaj015-3291-0312
=040  \\$aNNU$cNNU
=100  1\$aMahnad, Ayat al-Hajj
=245  10$aMazahir al-hayat al-thaqafiyah bi-Hahah wa-Idawtanan khilal al-qarn al-rabi' 'ashar al-Hijri :
=260  \\$bMu'allif$c2015
=300  \\$a478 p.
=852  0\$aNNU$bBOBST$cMAIN$p31142060000307

