=LDR  00417nam  22001695i 4500
=001  004230240
=003  NNU
=005  00000000000000.0
=008  160126s2014\\\\mr\\\\\\\\\\\\000\0\ara\d
=035  7\$adarmaj015-3291-0314
=040  \\$aNNU$cNNU
=100  1\$aAlawi, 'Abd Allah Binnasr
=245  10$aMa'alim adabiyah Imaratiyah :
=260  \\$bK. al-Adab$c2014
=300  \\$a119 p.
=852  0\$aNNU$bBOBST$cMAIN$p31142056886222

