=LDR  00466nam  22001695i 4500
=001  004230242
=003  NNU
=005  00000000000000.0
=008  160126s2014\\\\mr\\\\\\\\\\\\000\0\ara\d
=035  7\$adarmaj015-3291-0316
=040  \\$aNNU$cNNU
=100  1\$aSijilmasi, Muhammad al-'Amrawi
=245  10$aMu'jam al-wajiz fi tarajim nukhbah min 'ulama' Sijilmasah wa-Wadi Ziz :
=260  \\$bMu'allif$c2014
=300  \\$a411 p. HC.
=852  0\$aNNU$bBOBST$cMAIN$p31142060000687

