=LDR  01362nam  22003615i 4500
=001  004230244
=003  NNU
=005  20160212150326.0
=008  150917s2013\\\\mr\\\\\\\\\\\\000\0\ara\\
=010  \\$a2015351841
=020  \\$a9789954320655
=020  \\$a9954320652
=035  7\$adarmaj015-3291-0318
=035  \\$a(OCoLC)931476485
=037  \\$c25.00 MAD
=040  \\$aDLC$beng$erda$cDLC
=042  \\$alcode$apcc
=066  \\$c(3
=100  1\$6880-01$aʻĀdilī, ʻAbd al-Laṭīf,$eauthor.
=245  13$6880-02$aal-Muʻallim fī al-turāth al-tarbawī al-Ṣūfī :$bal-ʻAṣr al-Muwaḥḥidī /$cD. ʻAbd al-Laṭīf al-ʻĀdilī.
=250  \\$6880-03$aal-Ṭabʻah al-ūlá.
=264  \1$6880-04$a[Oujda?] :$bعابد اللطيف العادلي،$c[2013]
=300  \\$a88 pages ;$c20 cm
=336  \\$atext$btxt$2rdacontent
=337  \\$aunmediated$bn$2rdamedia
=338  \\$avolume$bnc$2rdacarrier
=520  \\$aTeachers; Sufi's education; Almohades.
=880  1\$6100-01/$aعادلي، عبد اللطيف.
=880  12$6245-02/$aالمعلم في التراث التربوي الصوفي :$bالعصر الموحدي /$cد. عبد اللطيف العادلي.
=880  \\$6250-03/$aالطبعة الأولى.
=880  \1$6264-04/$a[Oujda?] :$bʻĀbd al-Laṭīf al-ʻĀdilī,$c[2013]
=852  0\$aNNU$bBOBST$cMAIN$p31142060001503

