=LDR  00436nam  22001695i 4500
=001  004230246
=003  NNU
=005  00000000000000.0
=008  160126s2014\\\\mr\\\\\\\\\\\\000\0\ara\d
=035  7\$adarmaj015-3291-0320
=040  \\$aNNU$cNNU
=100  1\$aBannani, Rashid
=245  10$aMughamarat al-ta'sil fi masrah al-Tayyib al-Siddiqi :
=260  \\$bIsdarat Umniyah$c2014
=300  \\$a350 p.
=852  0\$aNNU$bBOBST$cMAIN$p31142060000075

