=LDR  00421nam  22001695i 4500
=001  004230247
=003  NNU
=005  00000000000000.0
=008  160126s2014\\\\mr\\\\\\\\\\\\000\0\ara\d
=035  7\$adarmaj015-3291-0321
=040  \\$aNNU$cNNU
=100  1\$aShakrabah, Idris
=245  10$aMaghrib fi sanat 2013 :
=260  \\$bMarkaz al-maghribi lil-Abhath$c2014
=300  \\$a269 p.
=852  0\$aNNU$bBOBST$cMAIN$p31142060001693

