=LDR  00429nam  22001695i 4500
=001  004230253
=003  NNU
=005  00000000000000.0
=008  160126s2015\\\\mr\\\\\\\\\\\\000\0\ara\d
=035  7\$adarmaj015-3291-0327
=040  \\$aNNU$cNNU
=100  1\$aBu 'Ali, Fu'ad
=245  10$aMuqarabat fi al-mas'alah al-lughawiyah bi al-Maghrib :
=260  \\$bMu'allif$c2015
=300  \\$a210 p.
=852  0\$aNNU$bBOBST$cMAIN$p31142056884581

