=LDR  01416nam  22003855i 4500
=001  004230258
=003  NNU
=005  20160209141608.0
=008  150109s2013\\\\mr\\\\\\\\\\\\000\0\ara\\
=010  \\$a2014336704
=020  \\$z9789945329979
=035  7\$adarmaj015-3291-0332
=035  \\$a(OCoLC)899950422
=037  \\$c50.00 MAD
=040  \\$aDLC$beng$erda$cDLC
=042  \\$apcc$alcode
=066  \\$c(3
=100  1\$6880-01$aLūmah, Muḥammad.
=245  10$6880-02$aMukāfiḥ Maghāribī ... yatadhakkar /$cMuḥammad Lūmah.
=250  \\$6880-03$aal-Ṭabʻah al-ūlá.
=264  \3$6880-04$aالقنيطرة :$bالمطبعة السريعة
=264  \1$a[Qunaytirah?] :$b[publisher not identified],$c2013.
=300  \\$a241 pages ;$c24 cm
=336  \\$atext$2rdacontent
=337  \\$aunmediated$2rdamedia
=338  \\$avolume$2rdacarrier
=490  0\$6880-05$aSilsilat Muntadá al-Ummah lil-Dirāsāt ;$v1
=520  \\$aBūnaʻīlāt, Saʻīd, 1920-; nationalists; politics and government; Morocco; biography.
=880  1\$6100-01/$aلومة، محمد.
=880  10$6245-02/$aمكافح مغاربي ... يتذكر /$cمحمد لومة.
=880  \\$6250-03/$aالطبعة الأولى.
=880  \3$6264-04/$aal-Qunayṭirah :$bal-Maṭbaʻah al-Sarīʻah
=880  0\$6490-05/$aسلسلة منتدى الأمة للدراسات ؛$v1
=852  0\$aNNU$bBOBST$cMAIN$p31142060000828

