=LDR  00480nam  22001695i 4500
=001  004230260
=003  NNU
=005  00000000000000.0
=008  160126s2015\\\\mr\\\\\\\\\\\\000\0\ara\d
=035  7\$adarmaj015-3291-0334
=040  \\$aNNU$cNNU
=100  1\$aKhashin, al-Husayn
=245  10$aMukawwin al-thaqafi wa al-shakhsiyah al-ijtima'iyah: qabilat Idaw Ziki al-Atlas al-kabir.. :
=260  \\$bMajallat al-Huquq$c2015
=300  \\$a416 p.
=852  0\$aNNU$bBOBST$cMAIN$p31142060002915

