=LDR  00420nam  22001695i 4500
=001  004230261
=003  NNU
=005  00000000000000.0
=008  160126s2014\\\\mr\\\\\\\\\\\\000\0\ara\d
=035  7\$adarmaj015-3291-0335
=040  \\$aNNU$cNNU
=100  1\$aZahru, Ridwan
=245  10$aMalakiyah al-Maghribiyah tujaddidu nafsaha :
=260  \\$bM. Masalik$c2014
=300  \\$a149 p.
=852  0\$aNNU$bBOBST$cMAIN$p31142060002048

