=LDR  00484nam  22001695i 4500
=001  004230267
=003  NNU
=005  00000000000000.0
=008  160126s2013\\\\mr\\\\\\\\\\\\000\0\ara\d
=035  7\$adarmaj015-3291-0341
=040  \\$aNNU$cNNU
=100  1\$aMarini, Najat et al
=245  10$aMin rawa'i' al-nusus al-Maghribiyah: a'mal muhdat ila al-Ustadh Muhammad M. Al-Qabbaj :
=260  \\$bIttihad Kuttab al-Maghrib$c2013
=300  \\$a355 p.
=852  0\$aNNU$bBOBST$cMAIN$p31142056885174

