=LDR  00458nam  22001695i 4500
=001  004230269
=003  NNU
=005  00000000000000.0
=008  160126s2014\\\\mr\\\\\\\\\\\\000\0\ara\d
=035  7\$adarmaj015-3291-0343
=040  \\$aNNU$cNNU
=100  1\$aBurifaq, Muhammad
=245  10$aManar al-farid sharh al-bahr al-fa'id fima tadammanahu ism zayd min al-fara'id :
=260  \\$bMu'allif$c2014
=300  \\$a130 p.
=852  0\$aNNU$bBOBST$cMAIN$p31142056885281

