=LDR  01169nam  22003135a 4500
=001  004230270
=003  NNU
=005  20160216135639.0
=008  150402s2014\\\\mr\\\\\\\\\\\\000\0\ara\d
=020  \\$a9789954642177
=020  \\$a995464217X
=035  7\$adarmaj015-3291-0344
=035  \\$a(OCoLC)906281538
=040  \\$aHVL$beng$erda$cHVL
=066  \\$c(3
=100  1\$6880-01$aFākhūrī, Idrīs.
=245  13$6880-02$aal-Munāzaʻāt al-usarīyah :$bamām qaḍāʼ al-mawḍūʻ wa-maḥkamat al-naqḍ /$cA.D. Idrīs al-Fākhūrī.
=250  \\$6880-03$aṬabʻah 2015.
=264  \1$6880-04$aالرباط :$bدار نشر المعرفة،$c2014.
=300  \\$a239 pages ;$c24 cm
=336  \\$atext$btxt$2rdacontent
=337  \\$aunmediated$bn$2rdamedia
=338  \\$avolume$bnc$2rdacarrier
=880  1\$6100-01/$aفاخوري، ادريس.
=880  13$6245-02/$aالمنازعات الأسرية :$bأمام قضاء الموضوع ومحكمة النقض /$cا.د. ادريس الفاخوري.
=880  \\$6250-03/$aطبعة 2015.
=880  \1$6264-04/$aal-Rabāṭ :$bDār Nashr al-Maʻarifah,$c2014.
=852  0\$aNNU$bBOBST$cMAIN$p31142060001685

