=LDR  00479nam  22001695i 4500
=001  004230283
=003  NNU
=005  00000000000000.0
=008  160126s2015\\\\mr\\\\\\\\\\\\000\0\ara\d
=035  7\$adarmaj015-3291-0357
=040  \\$aNNU$cNNU
=100  1\$aAlud, Hasan et al
=245  10$aNahwa susyulujya naqdiyah lil-tarbiyah wa al-thaqafah wa al-tanmiyah: qira'ah fi fikr.. :
=260  \\$bM. 'Alam al-Tarbiyah$c2015
=300  \\$a415 p.
=852  0\$aNNU$bBOBST$cMAIN$p31142052974709

