=LDR  00411nam  22001695i 4500
=001  004230289
=003  NNU
=005  00000000000000.0
=008  160126s2015\\\\mr\\\\\\\\\\\\000\0\ara\d
=035  7\$adarmaj015-3291-0363
=040  \\$aNNU$cNNU
=100  1\$aNaqquri, Idris
=245  10$aNazariyat al-raghbah wa-akhawatuha :
=260  \\$bMu'allif$c2015
=300  \\$a397 p.
=852  0\$aNNU$bBOBST$cMAIN$p31142056885182

