=LDR  00487nam  22001695i 4500
=001  004230293
=003  NNU
=005  00000000000000.0
=008  160126s2015\\\\mr\\\\\\\\\\\\000\0\ara\d
=035  7\$adarmaj015-3291-0367
=040  \\$aNNU$cNNU
=100  1\$aBintajah, Muhammad
=245  10$aNamudhaj al-Qur'ani lil-usrah al-Muslimah fi muwajahat al-thaghayyurat al-qiyamiyah.. :
=260  \\$bMarkaz al-Dirasat al-Usariyah$c2015
=300  \\$a191 p.
=852  0\$aNNU$bBOBST$cMAIN$p31142060002261

