=LDR  00465nam  22001695i 4500
=001  004230300
=003  NNU
=005  00000000000000.0
=008  160126s2014\\\\mr\\\\\\\\\\\\000\0\ara\d
=035  7\$adarmaj015-3291-0374
=040  \\$aNNU$cNNU
=100  1\$aGhurfi, Hasan
=245  10$ahakadha takallama al-sha'ir: sirah shi'riyah thaqafiyah lil-sha'ir Muhammad al-Sarghini :
=260  \\$bD. al-Aman$c2014
=300  \\$a191 p.
=852  0\$aNNU$bBOBST$cMAIN$p31142056885299

