=LDR  01338nam  22003495i 4500
=001  004230309
=003  NNU
=005  20160222131048.0
=008  150928s2014\\\\mr\\\\\\\\\\\\000\0\ara\\
=010  \\$a2015351965
=020  \\$a9789954335345
=020  \\$a995433534X
=035  7\$adarmaj015-3291-0383
=035  \\$a(OCoLC)931529165
=037  \\$c50.00 MAD
=040  \\$aDLC$beng$erda$cDLC
=042  \\$alcode$apcc
=066  \\$c(3
=100  1\$6880-01$aḤaqqī, Muḥammad,$eauthor.
=245  13$6880-02$aal-Yamanīyah fī al-Andalus :$bʻindamā yuḥarriku al-tārīkh al-jamāʻāt lil-bināʼ /$cal-Duktūr Muḥammad Ḥaqqī.
=264  \3$6880-03$aبني ملال [Morocco] :$bمطبعة عين أسردون
=264  \1$a[Morocco] :$b[publisher not identified],$c2014.
=300  \\$a286 pages ;$c25 cm
=336  \\$atext$btxt$2rdacontent
=337  \\$aunmediated$bn$2rdamedia
=338  \\$avolume$bnc$2rdacarrier
=520  \\$aYemen; genealogy; Andalusian era; 8-11 centuries; history.
=880  1\$6100-01/$aحقي، محمد.
=880  12$6245-02/$aاليمنية في الأندلس :$bعندما يحرك التاريخ الجماعات للبناء /$cالدكتور محمد حقي.
=880  \3$6264-03/$aBanī Milāl [Morocco] :$bMaṭbaʻat ʻAyn Asardūn
=852  0\$aNNU$bBOBST$cMAIN$p31142060002337

