=LDR  00400nam  22001695i 4500
=001  004230312
=003  NNU
=005  00000000000000.0
=008  160126s2014\\\\mr\\\\\\\\\\\\000\0\ara\d
=035  7\$adarmaj015-3291-0386
=040  \\$aNNU$cNNU
=100  1\$aBinzaydan, 'Atiqah
=245  10$aSarkhat untha: shi'r :
=260  \\$bMu'allif$c2014
=300  \\$a69 p.
=852  0\$aNNU$bBOBST$cMAIN$p31142056884854

