=LDR  00294nam  2200133 a 4500
=001  004240154
=003  NNU
=005  20160225120556.0
=008  160225s2003\\\\\\\\\\\\\\\\\\000\\\eng\d
=245  10$aTabir immaratiyah
=260  \\$aAbu Zaby
=300  \\$a215 p.
=852  0\$aNNU$bNABUD$cMAIN$p31122059355656

=LDR  00292nam  2200133 a 4500
=001  004240251
=003  NNU
=005  20160225145015.0
=008  160225s2012\\\\\\\\\\\\\\\\\\000\\\ara\d
=245  10Dalil al-mahrajan
=260  \\$aDubai
=300  \\$a222 pages
=852  0\$aNNU$bNABUD$cMAIN$p31122059355664

