=LDR  00290nam  2200133 a 4500
=001  004258583
=003  NNU
=005  20160301102840.0
=008  160301s2003\\\\\\\\\\\\\\\\\\000\\\eng\d
=245  00$athawar falars
=260  \\$aMoraco
=300  \\$a88 pages
=852  0\$aNNU$bBOBST$cMAIN$p31142056886289

=LDR  00292nam  2200133 a 4500
=001  004258592
=003  NNU
=005  20160301105807.0
=008  160301s2003\\\\\\\\\\\\\\\\\\000\\\eng\d
=245  13al-figh wa al-siyasah
=260  \\$aMorocco
=300  \\$a197
=852  0\$aNNU$bBOBST$cMAIN$p31142060002956

